1442 2392
694 120 898 160 CICERO

140 226 161 259 2
189 224 326 261 ierunt
371 225 414 261 in
462 223 541 262 alia
596 227 746 263 omnia.
819 223 1009 262 Proxima
1062 228 1154 262 erat
1202 222 1396 261 Hortensi

192 286 414 330 sententia,
443 297 537 322 cum
571 284 726 335 Lupus,
755 285 943 322 tribunus
980 283 1125 335 plebis,
1163 282 1275 334 quod
1309 283 1398 334 ipse

192 342 244 381 de
284 343 478 395 Pompeio
514 345 738 390 retulisset,
774 344 991 383 intendere
1029 346 1180 395 coepit,
1218 348 1316 382 ante
1352 355 1397 381 se

193 410 382 454 oportere
409 405 697 444 discessionem
722 404 872 451 facere,
898 418 1022 457 quam
1046 403 1246 443 consules.
1299 402 1398 442 Eius

193 467 367 502 orationi
399 465 668 504 vehementer
701 466 752 504 ab
785 466 973 504 omnibus
1005 464 1274 503 reclamatum
1307 468 1399 509 est;

195 530 285 562 erat
312 528 421 563 enim
448 532 492 564 et
517 529 657 578 iniqua
683 532 727 565 et
753 539 871 564 nova.
925 525 1120 564 Consules
1145 537 1281 576 neque
1307 537 1400 562 con-

194 585 413 631 cedebant,
435 599 571 637 neque
593 586 711 624 valde
733 586 1049 638 repugnabant3
1086 584 1197 624 diem
1218 585 1400 622 consumi

195 645 389 684 volebant
408 659 417 691 3
451 646 494 685 id
513 647 624 698 quod
643 652 707 685 est
726 646 896 685 factum.
950 645 1257 697 Perspiciebant
1277 647 1400 690 enim,

195 708 238 743 in
253 706 449 745 Hortensi
469 710 720 746 sententiam
740 707 879 746 multis
898 707 1084 759 partibus
1103 705 1240 758 plures
1259 707 1401 751 ituros,

196 780 447 818 quamquam
493 774 636 819 aperte
682 767 866 806 Volcatio
910 769 1221 806 assentirentur.
1276 765 1401 804 Multi

195 828 461 879 rogabantur,
483 835 609 880 atque
631 829 673 867 id
696 831 830 880 ipsum
859 828 1090 867 consulibus
1118 827 1220 866 non1
1238 828 1375 866 invitis

150 892 172 925 3
201 901 297 926 nam
329 891 358 926 ii
391 888 525 927 Bibuli
558 892 809 928 sententiam
842 888 978 927 valere
1012 890 1243 940 cupierunt.
1311 885 1402 925 Hac

198 953 473 988 controversia
510 963 639 1002 usque
677 950 730 989 ad
765 955 931 989 noctem
966 949 1106 995 ducta,
1139 953 1307 987 senatus
1343 946 1403 987 di-

198 1012 343 1048 missus
361 1023 371 1056 ;
406 1016 450 1049 et
469 1024 546 1063 ego
566 1024 615 1050 eo
634 1011 700 1049 die
719 1025 815 1049 casu
834 1010 944 1062 apud
963 1009 1204 1061 Pompeium
1221 1009 1404 1054 caenavi,

200 1076 427 1122 nactusque
441 1077 605 1123 tempus
619 1071 695 1110 hoc
707 1074 838 1123 magis
851 1071 1058 1116 idoneum,
1072 1083 1196 1121 quam
1209 1082 1404 1120 umquam

140 1147 150 1157 ·
201 1137 339 1177 antea,
364 1132 475 1183 quod
497 1138 591 1183 post
615 1138 734 1171 tuum
757 1132 979 1170 discessum
1002 1133 1036 1169 is
1060 1130 1148 1169 dies
1171 1129 1406 1168 honestissi-

201 1205 291 1230 mus
311 1193 427 1231 nobis
447 1191 584 1232 fuerat
601 1195 645 1231 in
664 1198 825 1238 senatu,
843 1195 904 1230 ita
923 1205 1013 1230 sum
1032 1205 1126 1229 cum
1144 1190 1212 1229 illo
1230 1189 1405 1236 locutus,

202 1258 250 1291 ut
267 1253 367 1291 mihi
386 1253 545 1292 viderer
564 1255 745 1291 animum
763 1253 936 1291 hominis
955 1253 1008 1291 ab
1027 1254 1137 1290 omni
1156 1251 1235 1290 alia
1252 1253 1406 1302 cogita-

202 1316 315 1352 tione
328 1313 381 1352 ad
391 1319 507 1352 tuam
519 1314 766 1366 dignitatem
777 1313 977 1352 tuendam
988 1312 1215 1351 traducere.
1271 1311 1406 1360 Quem

203 1387 282 1426 ego
319 1377 453 1425 ipsum
491 1388 584 1413 cum
623 1374 758 1420 audio,
795 1387 957 1425 prorsus
997 1386 1092 1411 eum
1128 1372 1258 1411 libero
1296 1373 1406 1410 omni

203 1437 430 1486 suspicione
462 1435 726 1486 cupiditatis;
773 1448 866 1473 cum
898 1439 1038 1472 autem
1070 1435 1156 1472 eius
1187 1431 1407 1471 familiares

202 1497 385 1533 omnium
428 1494 615 1533 ordinum
658 1494 791 1540 video,
833 1495 1047 1545 perspicio,
1088 1492 1132 1531 id
1173 1491 1284 1544 quod
1324 1494 1407 1531 iam

204 1555 391 1593 omnibus
410 1561 474 1594 est
492 1561 695 1606 apertum,
713 1560 846 1593 totam
862 1567 951 1592 rem
967 1556 1090 1592 istam
1106 1555 1190 1591 iam
1205 1552 1366 1604 pridem
1383 1565 1408 1591 a

204 1618 325 1654 certis
346 1615 591 1661 hominibus,
612 1629 694 1654 non
714 1617 842 1654 invito
862 1627 961 1667 rege
981 1616 1070 1665 ipso
1091 1612 1407 1664 consiliariisque

151 1683 173 1714 4
203 1679 303 1722 eius,
330 1689 419 1714 esse
444 1682 692 1727 corruptam.
757 1675 872 1714 Haec
901 1677 1040 1726 scripsi
1069 1687 1106 1712 a.
1135 1673 1177 1712 d.
1204 1675 1285 1711 xvi.
1314 1672 1404 1711 Kal.

205 1737 325 1776 Febr.
341 1742 438 1775 ante
451 1736 599 1775 lucem.
652 1736 714 1774 Eo
728 1736 795 1774 die
809 1741 976 1774 senatus
991 1740 1081 1773 erat
1094 1733 1270 1772 futurus.
1325 1733 1407 1772 Nos

202 1800 245 1836 in
261 1803 418 1843 senatu,
437 1796 783 1849 quemadmodum
800 1809 933 1848 spero,
948 1795 1195 1847 dignitatem
1210 1799 1407 1840 nostram,

389 1876 402 1896 ²
428 1887 499 1909 non
516 1876 548 1909 is
570 1874 802 1917 Wesenbery’s
818 1875 1026 1915 convinciny
1042 1873 1227 1906 insertion.

212 1963 450 2039 tali'e'fithtat
479 1962 534 1996 his
563 1963 699 1995 motion
736 1965 774 1995 to
811 1961 962 2003 appoint
1000 1958 1162 2001 Pompey
1193 1956 1324 1992 should
1362 1957 1407 1992 be

279 2017 322 2040 en
366 2017 399 2039 rs
417 2029 425 2038 .

214 2063 262 2096 10
