1442 2392
706 112 910 152 CICERO

203 214 286 253 Sed
302 220 444 253 tamen
460 214 616 266 aliquid
631 215 875 262 videbimus,
891 218 935 254 in
951 229 1032 267 quo
1049 217 1103 254 sit
1118 227 1226 267 speS.
1278 213 1415 254 Aliter!

202 269 371 320 quidem
384 283 466 307 non
480 270 602 308 modo
616 283 698 308 non
714 269 1010 321 appetendum,
1024 269 1098 307 sed
1113 271 1239 308 etiam
1251 266 1413 320 fugien-

202 323 302 361 dum
328 329 444 374 puto.
500 324 589 375 Ego
617 337 685 362 me
714 325 893 362 Asturae
921 323 1074 362 diutius
1103 323 1278 362 arbitror
1299 335 1413 362 com·

202 383 471 423 moraturum,
492 378 628 429 quoad
647 378 714 416 ille
736 377 1001 430 quandoquel
1020 380 1173 416 veniat.

768 525 847 563 XX

605 625 747 650 CICERO
774 624 952 650 TORANIO
979 624 1012 651 S.

619 698 776 737 Tusculi,
794 709 901 731 A.u.c.
920 700 998 731 709.

170 779 185 812 1
257 775 467 815 Dederam
498 776 634 814 triduo
665 782 763 814 ante
793 778 931 827 pueris
962 775 1037 815 Cn.
1063 775 1223 826 ,Plancii
1251 774 1412 817 litteras
1441 801 1442 814 ι

205 830 259 868 ad
275 835 334 868 te.
388 831 449 868 Eo
465 844 574 868 nunc
592 844 660 869 ero
678 831 852 875 brevior,
869 836 1011 881 teque,
1028 835 1077 868 ut
1093 835 1217 868 antea
1233 827 1413 868 consola-

204 884 292 930 bar,
303 884 379 923 hoc
392 891 578 936 tempore
590 885 780 923 monebo.
834 884 945 923 Nihil
955 889 1057 935 puto
1069 885 1146 922 tibi
1158 897 1247 922 esse
1258 883 1413 930 utilius,

207 951 332 989 quam
357 939 511 977 ibidem
538 942 728 990 opperiri,
755 938 891 990 quoad
916 941 1018 976 scire
1043 940 1186 989 possis,
1212 936 1312 990 quid
1335 937 1413 976 tibi

206 992 414 1044 agendum
443 996 509 1032 sit.
565 993 672 1031 Nam
699 998 866 1044 praeter
893 995 1164 1044 navigationis
1192 992 1339 1044 longae
1369 996 1415 1031 et

206 1046 392 1085 hiemalis
442 1053 486 1085 et
532 1050 701 1086 minime
747 1052 968 1098 portuosae
1014 1045 1256 1098 periculum,
1278 1047 1281 1050 ’
1303 1044 1415 1098 quod

206 1103 412 1147 vitaveris,
432 1114 485 1140 ne
504 1101 606 1140 illud
625 1101 792 1153 quidem
811 1114 894 1140 non
913 1103 1132 1153 quantiviS‚
1151 1101 1301 1146 subito,
1319 1112 1415 1139 cum

207 1158 309 1193 certi
326 1155 481 1207 aliquid
498 1156 688 1202 audieris,
706 1162 750 1194 te
767 1158 886 1194 istinc
902 1168 1023 1206 posse
1038 1154 1249 1206 proficisci.
1303 1153 1414 1193 Nihil

209 1215 274 1247 est
300 1215 532 1260 praeterea,
561 1223 631 1248 cur
659 1210 972 1248 advenientibus
1001 1215 1045 1247 te
1073 1208 1218 1247 offerre
1245 1210 1412 1260 gestias.

210 1263 347 1301 Multa
376 1269 594 1315 praeterea
631 1270 787 1309 metuo,
819 1277 925 1315 quae
964 1276 1057 1302 cum
1095 1262 1236 1302 Cilone
1273 1264 1413 1301 nestro

168 1322 190 1354 2
209 1321 515 1356 communicavi.
569 1318 680 1366 Quid
708 1318 872 1356 multa?
917 1317 1026 1356 Loco
1054 1319 1344 1369 opportuniore
1370 1318 1415 1356 in

207 1371 269 1409 his
295 1372 410 1410 malis
435 1372 545 1410 nullo
572 1386 661 1410 esse
687 1375 872 1423 potuisti,
893 1385 944 1410 ex
966 1385 1046 1423 quo
1070 1377 1129 1417 te,
1155 1365 1414 1423 quocumque

208 1439 310 1476 opus
331 1429 422 1471 erit,
440 1425 631 1464 facillime
651 1432 695 1464 et
715 1426 1021 1477 expeditissime
1041 1424 1239 1464 conferas.
1292 1423 1415 1473 Quod

208 1483 242 1518 si
268 1483 439 1531 recipiet
464 1480 532 1518 ille
558 1494 602 1519 se
629 1481 683 1519 ad
709 1486 887 1532 tempus,
914 1480 1075 1526 aderis3
1116 1482 1179 1518 sin
1205 1479 1414 1531 (quoniam

259 1550 515 1593 1quandoque
539 1555 600 1584 not
623 1550 725 1592 beiny
753 1551 839 1584 used
858 1550 1037 1584 elsewhere
1057 1550 1100 1592 by
1127 1548 1248 1583 Cicero
1271 1549 1312 1582 in
1341 1548 1412 1582 thie

208 1603 316 1630 sense,
339 1593 432 1624 Reid
453 1595 611 1634 ευρ-99383
633 1592 754 1634 quoad
778 1593 909 1630 <sciam
931 1599 1023 1634 qua>
1047 1591 1266 1635 quandoque
1287 1592 1418 1632 veniat,

209 1617 342 1668 “unt’il
365 1637 384 1668 I
399 1637 497 1668 know
515 1636 625 1668 where
643 1636 714 1668 and
733 1635 836 1667 when
856 1636 896 1668 he
914 1635 944 1667 is
963 1636 1112 1674 comino.

262 1702 398 1736 “Such
415 1714 454 1735 as
475 1703 552 1745 Lep
553 1706 588 1735 ta
610 1702 727 1736 would
748 1702 878 1745 hardly
896 1706 957 1744 get
971 1702 1098 1745 hythe
1115 1703 1252 1736 curatio
1271 1703 1375 1741 vini„

265 1746 277 1765 ²²
303 1746 343 1779 C.
359 1714 552 1779 Toraniusp
550 1746 621 1779 had
637 1747 726 1779 been
742 1714 878 1780 aediley
871 1746 955 1779 with
970 1746 1031 1779 the
1044 1745 1162 1779 father
1174 1745 1215 1779 of
1225 1745 1414 1786 Octavian,

216 1789 295 1822 who
315 1790 420 1822 made
438 1790 512 1822 him
531 1789 709 1832 guardian
728 1790 769 1823 of
784 1790 838 1823 his
858 1801 934 1823 son.
983 1789 1040 1823 He
1059 1800 1131 1823 was
1150 1800 1231 1822 now
1248 1789 1360 1832 living
1377 1790 1414 1823 in

215 1833 304 1866 exile
328 1834 363 1866 in
388 1833 555 1875 Corcyra.
606 1833 662 1866 He
685 1833 818 1866 wished
842 1836 879 1866 to
904 1836 996 1866 meet
1020 1832 1152 1866 Caesar
1175 1834 1211 1866 in
1236 1832 1415 1876 Cisalpine

216 1876 322 1914 Gaul,
353 1876 425 1910 and
456 1877 641 1910 conciliate
672 1877 746 1909 him
777 1877 826 1919 by
857 1876 1147 1919 congratulating
1178 1876 1251 1909 him
1282 1887 1329 1910 on
1359 1875 1415 1911 his

216 1921 388 1959 victories,
405 1920 477 1953 and
494 1931 533 1953 so
549 1920 670 1954 obtain
689 1921 743 1953 his
760 1920 909 1962 pardon-

266 1963 391 1996 οΑΙεο
406 1975 452 1996 an
470 1964 583 1997 exile
574 1975 608 1996 ln
627 1964 794 2005 Corcyra.
842 1963 910 1997 See
927 1966 1009 1996 note
1025 1974 1070 1996 on
1088 1964 1133 1996 iv.
1154 1965 1205 1996 14.

263 2007 279 2027 ‘¹
303 2007 434 2039 Caesar
460 2007 532 2040 and
560 2007 615 2040 his
644 2008 790 2046 retinue,
819 2018 864 2040 on
892 2007 983 2040 their
1009 2017 1090 2049 way
1115 2009 1153 2039 to
1181 2006 1295 2040 Rome
1320 2005 1413 2040 from

218 2062 297 2097 510
