1442 2392
689 127 892 167 CICERO

189 231 350 271 ferente
377 231 532 271 factum
560 238 638 278 est,
658 233 734 271 tibi
758 233 956 279 decernit,
978 238 1026 272 ut
1044 245 1186 285 regem
1206 232 1394 280 reducas,

189 294 213 312 ‘⁴
229 288 340 340 quod
354 289 567 327 commode
580 287 716 327 facere
728 292 856 339 possis
872 287 894 302 '⁹
911 302 921 336 ;
951 295 998 328 ut
1011 291 1238 328 exercitum
1249 289 1393 341 religio

189 344 322 391 tollat,
352 351 397 384 te
428 351 637 383 auctorem
667 351 835 384 senatus
864 348 1057 385 retineat.
1111 345 1278 385 Crassus
1307 351 1392 384 tres

188 401 348 453 legatos
381 402 580 448 decernit,
612 415 688 440 nec
721 402 903 441 excludit
935 401 1203 454 Pompeium;
1250 406 1394 442 censet

190 462 299 496 enim
318 461 445 498 etiam
464 472 515 497 ex
533 461 596 504 iis,
614 462 683 510 qui
702 473 794 498 cum
812 462 982 511 imperio
1000 461 1083 499 sint
1099 473 1110 506 3
1145 459 1206 498 M.
1224 458 1392 512 Bibulus

189 521 273 554 tres
300 515 459 567 legatos
487 515 672 554 decernit
699 529 751 554 ex
777 518 839 562 iis,
866 519 936 567 qui
962 518 1110 567 privati
1137 518 1232 562 sint.
1256 515 1394 556 '‘Huic

189 575 470 611 assentiuntur
485 572 631 624 reliqui
649 573 878 611 consulares
896 579 1062 624 praeter
1078 572 1305 619 Servilium,
1323 573 1393 624 qui

189 632 353 668 omnino
387 630 528 669 reduci
562 636 690 682 negat
725 637 929 682 oportere,
958 636 1002 670 et
1033 630 1278 677 Volcatium,
1309 619 1393 682 qjfi:

191 686 307 738 Lupo
327 686 550 733 referente,
572 687 767 738 Pompeio
788 688 986 734 decernit,
1007 693 1052 727 et
1071 686 1302 734 Afranium,
1322 689 1393 739 qui

190 747 412 782 assentitur
454 745 653 792 Volcatio,
696 757 802 796 quae
845 758 910 784 res
953 750 1094 797 auget·
1121 747 1393 797 suspicionem

191 800 361 852 Pompei
413 801 662 848 voluntatis3
729 815 826 840 nam
878 802 1171 841 advertebatur
1224 801 1392 853 Pompei

189 857 408 897 familiares
422 861 620 897 assentire
631 858 829 898 Volcatio.
865 858 1095 898 Laboratur
1106 858 1394 906 vehementem

190 916 385 954 inclinata
411 929 477 955 res
506 922 584 955 est.
639 916 805 955 Libonis
834 921 879 955 et
907 916 1093 968 Hypsaei
1115 930 1198 955 non
1223 917 1396 955 obscura

190 975 443 1011 concursatio
471 979 515 1011 et
540 976 765 1019 contentio,
791 975 1056 1025 omniumque
1083 973 1253 1024 Pompei
1277 972 1395 1012 fami-

190 1029 350 1068 liarium
371 1030 553 1068 studium
575 1033 617 1068 in
639 1043 732 1068 eam
754 1033 988 1081 opinionem
1008 1044 1097 1069 rem
1119 1025 1396 1077 adduxerunt,

191 1094 238 1125 ut
259 1087 476 1138 Pompeius
496 1100 646 1139 cupere
666 1087 855 1126 videatur
872 1101 882 1134 ;
917 1090 982 1126 cui
1002 1091 1072 1140 qui
1091 1088 1251 1134 nolunt,
1269 1087 1395 1128 iidem

190 1146 280 1190 tibi,
301 1145 411 1196 quod
449 1158 543 1183 eum
582 1147 750 1191 ornasti,
788 1158 870 1183 non
907 1150 1002 1183 sunt
1041 1148 1172 1184 amici.
1230 1144 1313 1184 Nos
1353 1149 1395 1184 in

191 1215 313 1240 causa
339 1205 629 1241 auctoritatem
656 1214 705 1240 eo
729 1204 928 1239 minorem
954 1201 1168 1248 habemus,
1187 1201 1297 1253 quod
1319 1202 1395 1240 tibi

192 1260 404 1297 debemus.
458 1259 644 1297 Gratiam
677 1265 818 1297 autem
850 1265 1032 1297 nostram
1066 1261 1293 1310 exstinguit
1325 1258 1396 1298 ho·

191 1319 347 1354 minum
368 1319 556 1367 suspicio,
577 1316 687 1367 quod
709 1315 904 1367 Pompeio
925 1329 968 1354 se
990 1316 1209 1367 gratificari
1230 1321 1396 1367 putant.

193 1373 254 1412 Ut
275 1376 317 1411 in
338 1374 461 1411 rebus
483 1372 614 1411 multo
637 1379 749 1418 ante,
773 1387 897 1424 quam
919 1371 1127 1423 profectus
1150 1385 1209 1418 es,
1232 1373 1284 1411 ab
1306 1375 1396 1423 ipso

191 1444 289 1482 rege
315 1436 359 1469 et
382 1431 434 1468 ab
457 1432 610 1468 intimis
635 1443 681 1468 ac
705 1430 937 1469 domesticis
963 1429 1131 1481 Pompei
1153 1429 1258 1491 clang
1282 1428 1396 1468 exul-

191 1491 353 1533 ceratis,
385 1487 535 1526 deinde
566 1486 702 1537 palam
735 1501 759 1525 a
789 1487 1066 1526 consularibus
1098 1482 1318 1538 exagitatis
1350 1491 1396 1526 et

191 1547 234 1582 in
259 1557 461 1582 summam
488 1543 683 1582 invidiam
709 1543 910 1589 adductis,
934 1546 995 1582 ita
1018 1555 1240 1581 versamur.
1294 1542 1396 1582 Nos-

237 1713 252 1728 ⁰
277 1708 437 1750 Pompey
468 1706 550 1740 held
582 1707 642 1740 the
673 1706 863 1764 imperium
892 1706 928 1748 (“
941 1705 1102 1748 imperial
1133 1705 1324 1739 command
1355 1704 1397 1740 of

196 1751 302 1785 naval
317 1751 389 1784 and
406 1751 562 1792 military
577 1751 690 1783 forces
704 1750 712 1764 ’
728 1751 739 1792 )
756 1750 806 1792 by
821 1751 935 1783 virtue
951 1750 991 1782 of
1004 1749 1058 1782 his
1074 1749 1175 1783 office
1195 1760 1235 1782 as
1249 1753 1394 1783 curator

195 1806 356 1828 annonae
369 1795 390 1808 ”
415 1794 451 1837 (“
464 1793 662 1828 Controller
685 1793 725 1827 of
744 1794 805 1827 the
828 1793 922 1826 Corn
946 1793 1086 1836 Supply
1103 1792 1139 1835 ”)
1156 1796 1194 1826 to
1217 1793 1331 1826 which
1347 1793 1395 1828 he

196 1839 267 1871 had
282 1839 373 1871 been
387 1837 582 1880 appointed
598 1848 644 1870 on
659 1837 720 1870 the
734 1838 869 1870 motion
884 1836 924 1870 of
937 1836 1109 1870 Lentulus
1124 1835 1304 1879 Spinther.

241 1883 254 1903 ⁶
277 1881 330 1915 Or
345 1885 368 1900 ‘⁶
379 1892 444 1915 our
459 1891 566 1914 cause
582 1881 646 1913 has
662 1879 820 1914 received
836 1891 858 1913 a
874 1879 987 1913 shock
1000 1879 1021 1894 ”
1037 1879 1270 1923 (Manutius).
1389 1919 1394 1925 α

240 1930 253 1946 ⁶
277 1926 318 1958 L.
358 1925 566 1959 Scribonius
605 1924 709 1963 Libo,
749 1934 830 1957 now
866 1924 1019 1962 tribune,
1059 1923 1178 1956 whose
1214 1922 1394 1966 daughter

194 1968 346 2002 married
385 1968 513 2002 Sextus
552 1968 755 2010 Pompeius.
820 1967 858 2000 P.
900 1967 1061 2000 Plautius
1097 1966 1290 2010 Hypsaeus
1319 1977 1393 2002 was

197 2012 386 2055 Pompey's
402 2014 570 2055 quaestor
586 2012 622 2044 in
639 2011 698 2044 the
717 2010 939 2044 Mithridatic
956 2021 1039 2043 war.

192 2066 218 2104 ὑ
784 2076 786 2078 ’
1349 2098 1394 2108 ...
