1442 2392
117 460 157 492 12

687 153 892 193 CICERO

185 261 328 310 putavi
359 257 513 296 famam
544 261 844 297 inconstantiae
877 258 976 296 mihi
1007 260 1392 310 pertimescendam,

185 327 218 362 si
242 324 486 375 quibusdam
510 326 552 361 in
580 327 798 362 sententiis
827 324 995 375 paulum
1019 338 1086 363 me
1109 325 1392 376 immutassem

183 402 403 441 meamque
446 389 703 427 voluntatem
746 389 799 427 ad
841 392 989 428 summi
1032 393 1105 428 viri
1147 390 1200 429 de
1241 398 1392 450 meque

184 457 340 506 optime
386 457 523 492 meriti
569 454 817 506 dignitatem
864 468 1170 506 aggregassem.
1222 455 1273 495 In
1311 449 1394 499 hac

183 522 393 558 sententia
418 519 753 570 complectendus
774 525 864 558 erat-
883 520 982 558 mihi
1009 521 1173 567 Caesar,
1192 526 1241 560 ut
1266 500 1393 570 vides,

182 588 224 624 in
260 588 478 623 coniuncta
514 590 558 623 et
592 599 716 624 causa
751 590 795 623 et
830 585 1049 636 dignitate.
1103 586 1183 625 Hic
1216 587 1393 626 multum

182 651 310 689 valuit
330 664 423 688 eum
444 655 562 688 vetus
583 653 775 696 amicitia,
797 664 921 702 quam
942 656 988 689 tu
1010 664 1091 690 non
1111 654 1274 703 ignoras
1294 651 1393 702 mihi

183 722 226 754 et
249 716 300 763 Q.
323 715 439 754 fratri
462 730 554 754 cum
578 716 753 754 Caesare
776 715 915 762 fuisse,
937 722 1027 754 tum
1050 716 1284 756 humanitas
1306 711 1393 766 eius

182 796 229 819 ac
247 781 486 826 liberalitas,
506 782 619 819 brevi
640 787 827 832 tempore
849 787 893 819 et
913 782 1061 820 litteris
1082 787 1126 820 et
1145 782 1283 822 officiis
1301 770 1394 836 perss¹

181 852 324 897 specta
342 847 458 884 nobis
479 852 522 884 et
541 849 720 897 cognita.
775 846 1056 885 Vehementer
1075 850 1202 886 etiam
1220 861 1286 887 res
1305 851 1395 900 ipsa

181 912 344 962 publica
358 925 424 949 me
440 914 582 957 movit,
599 925 706 963 quae
721 911 819 950 mihi
838 912 1054 951 videbatur
1068 916 1394 960 contentionem,

181 980 425 1028 praesertim
461 980 650 1015 maximis
686 977 808 1015 rebus
846 991 871 1015 a
907 977 1083 1016 Caesare
1120 981 1263 1030 gestis,
1300 988 1394 1019 cum

182 1042 258 1080 illis
275 1045 367 1080 viris
384 1041 491 1080 nolle
508 1041 596 1080 fieri
613 1047 670 1088 et,
686 1055 739 1080 ne
757 1042 889 1088 fieret,
906 1042 1176 1082 vehementer
1190 1052 1393 1103 recusare.

183 1107 430 1146 Gravissime
460 1113 602 1145 autem
631 1120 699 1145 me
730 1110 773 1145 in
804 1107 909 1146 hanc
939 1113 1125 1146 mentem
1155 1108 1319 1160 impulit
1349 1095 1395 1166 et

183 1173 353 1223 Pompei
371 1172 486 1218 fides,
505 1185 629 1223 quam
648 1172 700 1210 de
718 1185 786 1210 me
805 1172 969 1210 Caesari
988 1173 1176 1220 dederat,
1194 1179 1240 1212 et
1257 1160 1394 1214 fratris

181 1241 278 1284 mei,
316 1251 440 1288 quam
479 1236 689 1288 Pompeio.
743 1237 874 1276 Erant
911 1243 1131 1288 praeterea
1168 1237 1271 1277 haec
1309 1241 1394 1289 ani-

181 1302 479 1341 madvertenda
504 1305 547 1340 in
573 1305 755 1348 civitate,
782 1315 889 1354 quae
916 1309 1013 1341 sunt
1040 1303 1150 1354 apud
1177 1302 1394 1343 Platonem

181 1373 366 1406 nostrum
381 1370 533 1418 scripta
547 1367 741 1405 divinitus
757 1381 766 1405 z
797 1357 821 1391 ‘³
838 1367 990 1415 Quales
1005 1370 1047 1406 in
1062 1368 1271 1419 republica
1284 1371 1394 1422 prin-

180 1436 291 1484 cipes
315 1438 467 1478 essent,
482 1432 586 1470 tales
609 1432 786 1483 reliquos
809 1432 939 1471 solere
955 1446 1045 1472 esse
1059 1433 1210 1472 cives.’'
1261 1433 1394 1473 Tene-

181 1499 278 1537 bam
321 1500 532 1544 memoria,
577 1498 692 1536 nobis
737 1498 983 1545 consulibus,
1027 1511 1078 1536 ea
1120 1497 1394 1539 fundamenta

180 1566 289 1602 iacta
315 1576 366 1601 ex
396 1562 592 1601 Kalendis
620 1562 818 1601 Ianuariis
844 1563 1111 1602 confirmandi
1135 1569 1319 1606 senatus,
1343 1569 1394 1604 ux

181 1631 388 1666 neminem
441 1630 578 1666 mirari
631 1633 857 1679 oporteret,
912 1628 1038 1666 Nonis
1092 1620 1391 1681 Decembribus

181 1699 346 1732 tantum
363 1692 427 1731 vel
444 1695 566 1730 animi
584 1691 709 1730 fuisse
725 1695 767 1731 in
797 1692 865 1732 illo
882 1693 1023 1731 ordine
1040 1692 1104 1732 vel
1121 1690 1390 1734 auctoritatis,

183 1758 383 1809 Idemque
435 1760 718 1804 memineram,
770 1758 886 1796 nobis
938 1760 1106 1810 privatis
1157 1771 1287 1810 usque
1339 1756 1392 1798 ad

183 1823 401 1861 Caesarem
448 1827 492 1861 et
537 1822 728 1861 Bibulum
774 1822 973 1869 consules,
1019 1837 1112 1861 cum
1157 1809 1392 1863 sententiae

234 1972 250 1988 ⁰
275 1967 388 2006 Plato,
404 1967 518 2007 Laws,
537 1969 582 2001 iv.
601 1970 663 2001 711
681 1979 711 2001 e.

236 2011 248 2031 ⁶
272 2011 348 2044 The
368 2011 443 2051 day
458 2022 504 2044 on
522 2011 637 2044 which
654 2011 714 2044 the
731 2011 861 2045 Senate
878 2011 982 2044 voted
999 2012 1056 2045 for
1071 2012 1131 2044 the
1146 2013 1332 2046 execution
1351 2010 1392 2045 of

184 2056 367 2090 Catiline's
383 2056 628 2099 accomplices.
889 2061 901 2078 ⁶
929 2057 971 2090 In
989 2059 1033 2091 59
1051 2067 1118 2092 mc-

187 2109 239 2148 60
