1442 2392
668 160 872 200 CICERO

166 268 336 311 vinciae,
375 268 445 317 qui
483 268 682 304 exercitui
720 279 926 316 praesum,
964 268 1034 317 qui
1071 265 1226 304 bellum
1262 278 1377 318 gero,

167 330 285 379 Quae
311 333 506 382 quoniam
531 344 608 369 nec
632 334 792 369 ratione
819 344 896 369 nec
920 333 1121 369 maiorum
1145 336 1376 369 nostrorum

166 396 387 435 clementia
412 396 741 442 administrastis,
765 409 848 434 non
874 398 953 434 erit
977 395 1224 442 mirandum,
1248 398 1282 434 si
1306 409 1377 435 vos

166 461 413 512 poenitebit.
465 460 524 499 Te
538 466 625 499 tam
639 460 779 499 mobili
791 463 834 499 in
847 474 914 499 me
927 474 1124 513 meosque
1138 473 1228 500 esse
1242 463 1377 499 animo

168 540 250 564 non
265 526 496 576 sperabam.
552 525 624 563 Me
641 529 801 564 interea
817 539 893 564 nec
900 526 1157 571 ,domesticus
1173 525 1287 564 dolor
1302 538 1378 565 nec

167 596 407 643 cuiusquam
429 593 575 628 iniuria
596 604 620 628 a
640 591 850 642 republica
871 591 1065 631 abducet.
1117 589 1269 644 [Vale]

754 735 796 774 II

263 856 309 883 M.
337 857 376 882 Τ.
404 857 439 882 C.
468 856 513 882 Μ.
542 857 579 882 F.
608 857 640 882 S.
669 857 709 882 D.
737 857 775 887 Q.
803 856 986 883 METELLO
1013 856 1051 887 Q·
1079 857 1117 883 F.
1144 857 1286 882 CELERI

692 911 854 937 Pnocos.

589 1001 739 1041 Romae,
757 1012 866 1034 A.u.c.
884 1003 965 1035 692.

224 1090 265 1129 Si
298 1096 346 1129 tu
377 1092 666 1140 exercitusque
695 1089 855 1135 valetis,
883 1090 991 1128 bene
1020 1095 1098 1129 est.
1152 1089 1300 1129 Scribis
1328 1089 1382 1129 ad

169 1169 251 1201 me,
281 1160 314 1193 te
340 1154 587 1200 existimasse,
616 1166 690 1205 pro
721 1160 847 1193 mutuo
879 1154 975 1193 inter
1001 1167 1071 1193 nos
1098 1154 1225 1193 animo
1251 1160 1287 1193 et
1308 1157 1382 1207 pro

168 1219 408 1258 reconciliata
434 1219 577 1271 gratia,
605 1233 809 1271 numquam
841 1224 875 1257 te
905 1232 930 1257 a
960 1233 1018 1258 me
1048 1218 1208 1258 ludibrio
1239 1219 1381 1259 laesum

170 1285 232 1323 iri.
287 1285 408 1332 Quod
434 1284 659 1322 cuiusmodi
687 1287 754 1330 sit,
777 1287 876 1322 satis
906 1284 1150 1336 intellegere
1180 1298 1262 1323 non
1290 1297 1383 1336 pos-
1432 1276 1435 1279 ’

171 1364 261 1389 sum
279 1363 289 1396 ς
325 1349 399 1388 sed
418 1355 561 1388 tamen
581 1352 775 1400 suspicor,
797 1349 850 1388 ad
870 1355 914 1388 te
936 1363 1025 1388 esse
1046 1349 1232 1396 allatum,
1252 1362 1319 1389 me
1338 1351 1382 1389 in

170 1421 333 1461 senatu,
363 1429 456 1453 cum
487 1415 755 1465 disputarem,
785 1415 1011 1465 permultos
1042 1428 1147 1461 esse,
1177 1418 1247 1467 qui
1276 1428 1382 1454 rem—

170 1480 376 1531 publicam
404 1493 429 1517 a
455 1492 522 1518 me
550 1486 833 1518 conservatam
861 1479 1063 1526 dolerent,
1091 1479 1257 1526 dixisse,
1285 1493 1310 1518 a
1336 1485 1380 1519 te

171 1548 420 1597 propinquos
442 1551 549 1591 tuos,
571 1546 718 1596 quibus
739 1558 892 1596 negare
915 1558 996 1583 non
1015 1548 1234 1596 potuisses,
1252 1547 1382 1599 impe-

171 1617 317 1656 trasse,
342 1616 390 1648 ut
414 1623 478 1656 ea,
503 1623 609 1662 quae
634 1612 848 1648 statuisses
873 1611 949 1649 tibi
972 1613 1015 1648 in
1038 1616 1187 1649 senatu
1211 1609 1264 1649 de
1288 1623 1381 1666 mea

171 1676 294 1714 laude
323 1688 412 1714 esse
441 1675 629 1721 dicenda,
656 1677 864 1714 reticeres.
918 1674 1040 1723 Quod
1067 1689 1161 1714 cum
1188 1675 1381 1723 dicerem,

172 1741 272 1779 illud
299 1740 481 1786 adiunxi,
509 1739 608 1778 mihi
646 1746 786 1779 tecum
822 1743 883 1779 ita
915 1741 1179 1791 dispertitum
1206 1740 1380 1779 officium

173 1805 297 1843 fuisse
317 1808 360 1843 in
379 1804 629 1856 reipublicae
649 1805 783 1843 salute
803 1805 1039 1850 retinenda,
1056 1811 1104 1844 ut
1124 1818 1203 1856 ego
1225 1805 1381 1843 Urbem

174 1885 198 1908 a
213 1871 446 1909 domesticis
460 1870 615 1908 insidiis
631 1875 676 1908 et
691 1870 744 1908 ab
758 1872 956 1908 intestino
970 1869 1139 1916 scelere,
1154 1875 1202 1908 tu
1218 1869 1382 1908 Italiam

225 1986 240 2002 ⁰
266 1981 307 2014 In
325 1981 519 2023 sympathy
538 1981 621 2013 with
639 1991 660 2013 a
678 1981 821 2014 relative
838 1981 998 2024 publicly
1014 1981 1068 2014 dis
1097 1980 1213 2014 raced.
1308 2022 1310 2025 ,

178 2025 297 2100 boja?
319 2024 564 2066 disagreeable
584 2024 779 2064 innuendo,
796 2023 920 2058 Cicero
940 2024 1064 2058 himsel
1101 2024 1211 2067 being
1228 2034 1251 2057 a
1270 2033 1382 2062 novun

185 2123 261 2157 822
