1442 2392
680 169 883 208 CICERO

178 272 366 318 hominis,
389 279 504 312 tuam
523 276 735 325 pristinam
761 274 1007 325 dignitatem
1032 280 1076 313 et
1097 274 1268 328 gloriam
1291 289 1383 315 con·

182 340 370 379 sequare.

753 449 811 488 VI

399 564 446 591 M.
473 565 512 591 T.
540 566 575 591 C.
603 565 635 591 S.
665 566 704 592 D.
732 566 770 591 P.
798 566 976 592 LENTUDO
1003 566 1165 595 Pnocos.

600 648 748 688 Romae,
766 660 873 683 A.u.c.
891 652 969 684 698.

230 725 348 773 Quae
381 731 592 776 gerantur,
623 728 795 776 accipies
829 739 881 764 ex
918 726 1115 774 Pollione,
1151 730 1222 779 qui
1258 730 1386 768 omni-

180 781 255 818 bus
279 782 455 831 negotiis
481 793 562 817 non
586 779 775 819 interfuit
798 780 943 827 solum,
967 781 1040 820 sed
1063 781 1257 833 praefuit.
1312 782 1385 823 Me

179 836 221 871 in
242 847 400 872 summo
421 833 574 880 dolore,
595 847 719 886 quern
741 848 792 872 ex
812 837 894 874 tuis
914 836 1035 874 rebus
1056 839 1187 888 capio,
1206 840 1385 877 maxime

178 888 333 926 seilicet
353 888 584 926 consolatur
604 902 711 939 speS,
733 889 844 940 quod
863 889 981 928 valde
1002 893 1196 942 suspicor,
1216 890 1318 938 fore,
1338 897 1386 931 ut

178 941 425 994 infringatur
450 942 661 981 hominum
686 944 926 995 improbitas
953 950 997 983 et
1022 944 1195 984 consiliis
1221 951 1386 985 tuorum

179 999 415 1042 amicorum,
446 1002 490 1035 et
522 1000 610 1048 ipsa
639 997 720 1044 die,
750 1011 855 1049 quae
890 998 1081 1038 debilitat
1113 1002 1385 1051 cogitationes

178 1056 222 1088 ct
250 1053 503 1089 inimicorum
535 1057 578 1090 et
607 1052 876 1102 proditorum.
930 1053 1065 1091 Facile
1091 1054 1270 1093 secundo
1297 1054 1386 1103 loco

179 1118 245 1143 me
259 1105 491 1143 consolatur
500 1106 729 1144 recordatio
745 1120 930 1145 meorum
949 1113 1197 1159 temporum,
1213 1122 1386 1160 quorum

179 1161 401 1211 imaginem
418 1159 536 1197 video
551 1163 594 1197 in
608 1161 730 1199 rebus
746 1163 841 1199 tuis.
896 1161 1003 1200 Nam
1019 1164 1097 1200 etsi
1112 1165 1268 1201 minore
1283 1165 1327 1202 in
1340 1176 1386 1202 re

181 1213 355 1251 violatur
378 1220 452 1252 tua
474 1214 667 1265 dignitas,
685 1228 809 1266 quam
833 1228 927 1254 mea
952 1215 1102 1254 afflicta
1125 1217 1222 1263 est,1
1244 1223 1386 1256 tamen

180 1273 245 1306 est
266 1273 386 1306 tanta
407 1268 643 1315 similitudo,
666 1275 714 1307 ut
735 1282 896 1320 sperem
918 1275 963 1308 te
984 1270 1084 1308 mihi
1105 1273 1332 1322 ignoscere,
1352 1274 1385 1311 si

181 1335 231 1359 ea
259 1335 341 1360 non
369 1325 591 1368 timuerim,
621 1336 727 1374 quae
756 1337 809 1362 ne
838 1329 885 1362 tu
914 1324 1082 1375 quidem
1110 1338 1307 1377 umquam
1335 1328 1386 1365 ti-

179 1376 331 1414 menda
365 1376 531 1415 duxisti.
586 1376 666 1415 Sed
700 1384 863 1428 praesta
900 1384 944 1416 te
979 1391 1088 1425 eum,
1123 1381 1191 1432 qui
1226 1379 1327 1418 mihi
1360 1394 1386 1420 a

179 1433 346 1476 teneris,
381 1435 429 1469 ut
465 1431 612 1469 Graeci
647 1431 802 1478 dicunt,
839 1433 1067 1485 unguiculis
1103 1446 1147 1472 es
1182 1436 1384 1486 cognitus.

179 1484 421 1530 Illustrabit,
439 1485 539 1523 mihi
556 1486 687 1530 crede,
710 1492 827 1524 tuam
845 1487 1157 1538 amplitudinem
1175 1487 1385 1528 hominum

179 1541 337 1577 iniuria.
391 1539 430 1577 A
451 1552 519 1577 me
543 1543 679 1578 omnia
701 1554 861 1579 summa
882 1544 926 1579 in
947 1547 991 1580 te
1015 1541 1151 1580 studia
1173 1542 1385 1595 officiaque

178 1599 388 1644 exspecta.
443 1593 535 1632 Non
553 1593 693 1632 fallam
712 1597 945 1645 opinionem
964 1601 1094 1634 tuam.
1147 1595 1262 1635 Vale.

220 1680 390 1757 thquanlll
402 1690 482 1713 mea
502 1680 598 1713 salus
617 1681 750 1714 afflicta
774 1683 819 1715 sit
837 1682 975 1716 Nobbe:
1010 1693 1121 1725 quam
1146 1693 1228 1716 mea
1253 1683 1384 1717 afflicta

180 1733 219 1757 es
279 1734 361 1766 yrre
393 1748 402 1756 .

228 1847 242 1862 ⁰
266 1841 306 1875 C.
318 1842 465 1875 Asinius
475 1841 601 1881 Pollio,
616 1842 676 1876 'the
687 1842 887 1877 celebrated
897 1847 1026 1883 orator,
1036 1847 1120 1886 poet
1127 1844 1200 1878 and
1213 1844 1382 1879 historiari

178 1885 219 1918 of
239 1885 299 1918 the
328 1885 520 1927 Augustan
548 1896 628 1927 age,
655 1886 744 1919 born
770 1889 812 1919 76
838 1898 916 1926 1³.c.‚
943 1887 1025 1921 died
1052 1899 1128 1921 Am.
1155 1890 1189 1922 4.
1241 1888 1383 1924 Horace

179 1928 375 1962 addressed
395 1928 461 1961 Od.
479 1930 514 1962 ii.
537 1931 565 1968 l,
581 1929 653 1962 and
670 1929 786 1972 Virgil
802 1929 856 1963 his
871 1931 990 1964 fourth
1007 1930 1164 1973 eclogue,
1180 1934 1218 1965 to
1233 1931 1320 1965 him.

227 1971 239 1991 ⁶
265 1973 333 2010 i.e.‚
361 1972 489 2005 “from
514 1983 605 2014 your
628 1972 810 2015 infancy‚”
835 1977 868 2013 ἐξ
899 1975 1035 2007 ἁπαλῶν
1066 1977 1201 2015 ὀνύχων.
1249 1973 1381 2010 Others

182 2014 269 2047 take
298 2015 323 2048 it
350 2026 388 2047 as
416 2017 588 2058 meaning
617 2016 890 2059 “intimately‚”
920 2017 1045 2051 “from
1072 2017 1133 2051 the
1155 2021 1233 2051 root
1255 2018 1297 2052 of
1320 2018 1381 2053 the

183 2057 293 2091 nail.”
335 2057 393 2100 Cf.
410 2060 630 2098 medullitus,
647 2059 719 2093 and
736 2070 794 2093 see
811 2060 922 2094 Orelli
939 2071 986 2094 on
1002 2061 1092 2094 Hor.
1111 2060 1178 2094 Od.
1196 2062 1245 2096 iii.
1261 2063 1295 2102 6,
1311 2063 1368 2096 24.

179 2115 231 2150 24
