<?xml version="1.0" encoding="UTF-8"?>
<!DOCTYPE html PUBLIC "-//W3C//DTD XHTML 1.0 Transitional//EN"
    "http://www.w3.org/TR/xhtml1/DTD/xhtml1-transitional.dtd">
<html xmlns="http://www.w3.org/1999/xhtml" xml:lang="en" lang="en">
 <head>
  <title>
</title>
<meta http-equiv="Content-Type" content="text/html;charset=utf-8" />
  <meta name='ocr-system' content='tesseract 3.04.00' />
  <meta name='ocr-capabilities' content='ocr_page ocr_carea ocr_par ocr_line ocrx_word'/>
</head>
<body>
  <div class='ocr_page' id='page_1' title='image "./letterstohisfrie01ciceuoft_0116.png"; bbox 0 0 1442 2392; ppageno 0'>
   <div class='ocr_carea' id='block_1_1' title="bbox 114 1110 160 1144">
    <p class='ocr_par' dir='ltr' id='par_1_1' title="bbox 114 1110 160 1144">
     <span class='ocr_line' id='line_1_1' title="bbox 114 1110 160 1144; baseline 0 0"><span class='ocrx_word' id='word_1_1' title='bbox 114 1110 160 1144; x_wconf 85' lang='lat'>23</span> 
     </span>
    </p>
   </div>
   <div class='ocr_carea' id='block_1_2' title="bbox 689 153 892 193">
    <p class='ocr_par' dir='ltr' id='par_1_2' title="bbox 689 153 892 193">
     <span class='ocr_line' id='line_1_2' title="bbox 689 153 892 193; baseline 0.005 -1"><span class='ocrx_word' id='word_1_2' title='bbox 689 153 892 193; x_wconf 90' lang='lat' dir='ltr'>CICERO</span> 
     </span>
    </p>
   </div>
   <div class='ocr_carea' id='block_1_3' title="bbox 184 257 1405 1937">
    <p class='ocr_par' dir='ltr' id='par_1_3' title="bbox 184 257 1405 1092">
     <span class='ocr_line' id='line_1_3' title="bbox 187 257 1405 309; baseline 0 -14"><span class='ocrx_word' id='word_1_3' title='bbox 187 257 299 296; x_wconf 89' lang='lat' dir='ltr'>nulla</span> <span class='ocrx_word' id='word_1_4' title='bbox 331 260 374 296; x_wconf 90' lang='lat' dir='ltr'>in</span> <span class='ocrx_word' id='word_1_5' title='bbox 407 264 566 298; x_wconf 88' lang='lat' dir='ltr'>ceteros</span> <span class='ocrx_word' id='word_1_6' title='bbox 601 259 890 300; x_wconf 75' lang='lat' dir='ltr'><strong>malevolentia</strong></span> <span class='ocrx_word' id='word_1_7' title='bbox 923 257 1134 304; x_wconf 88' lang='lat' dir='ltr'>suffusum,</span> <span class='ocrx_word' id='word_1_8' title='bbox 1166 262 1405 309; x_wconf 51' lang='lat' dir='ltr'>contraque*</span> 
     </span>
     <span class='ocr_line' id='line_1_4' title="bbox 186 319 1393 375; baseline -0.001 -14"><span class='ocrx_word' id='word_1_9' title='bbox 186 336 280 361; x_wconf 93' lang='lat' dir='ltr'>cum</span> <span class='ocrx_word' id='word_1_10' title='bbox 308 337 504 375; x_wconf 87' lang='lat' dir='ltr'>magnum</span> <span class='ocrx_word' id='word_1_11' title='bbox 533 330 577 363; x_wconf 88' lang='lat' dir='ltr'>et</span> <span class='ocrx_word' id='word_1_12' title='bbox 606 324 827 370; x_wconf 88' lang='lat' dir='ltr'>excelsum,</span> <span class='ocrx_word' id='word_1_13' title='bbox 855 331 946 363; x_wconf 89' lang='lat' dir='ltr'>tum</span> <span class='ocrx_word' id='word_1_14' title='bbox 975 327 1102 362; x_wconf 89' lang='lat' dir='ltr'>etiam</span> <span class='ocrx_word' id='word_1_15' title='bbox 1130 329 1320 374; x_wconf 86' lang='lat' dir='ltr'>apertum</span> <span class='ocrx_word' id='word_1_16' title='bbox 1348 319 1393 361; x_wconf 81' lang='lat' dir='ltr'>et</span> 
     </span>
     <span class='ocr_line' id='line_1_5' title="bbox 186 387 1393 442; baseline -0.001 -16"><span class='ocrx_word' id='word_1_17' title='bbox 186 388 426 439; x_wconf 86' lang='lat' dir='ltr'>simplicem.</span> <span class='ocrx_word' id='word_1_18' title='bbox 478 389 571 428; x_wconf 92' lang='lat' dir='ltr'>Vidi</span> <span class='ocrx_word' id='word_1_19' title='bbox 605 403 683 442; x_wconf 90' lang='lat' dir='ltr'>ego</span> <span class='ocrx_word' id='word_1_20' title='bbox 716 390 915 442; x_wconf 88' lang='lat' dir='ltr'>quosdam</span> <span class='ocrx_word' id='word_1_21' title='bbox 946 392 990 428; x_wconf 92' lang='lat' dir='ltr'>in</span> <span class='ocrx_word' id='word_1_22' title='bbox 1022 395 1066 428; x_wconf 88' lang='lat' dir='ltr'>te</span> <span class='ocrx_word' id='word_1_23' title='bbox 1099 388 1219 434; x_wconf 87' lang='lat' dir='ltr'>tales,</span> <span class='ocrx_word' id='word_1_24' title='bbox 1251 387 1393 440; x_wconf 84' lang='lat' dir='ltr'>quales</span> 
     </span>
     <span class='ocr_line' id='line_1_6' title="bbox 187 454 1393 506; baseline 0 -15"><span class='ocrx_word' id='word_1_25' title='bbox 187 458 234 491; x_wconf 89' lang='lat' dir='ltr'>tu</span> <span class='ocrx_word' id='word_1_26' title='bbox 247 454 414 492; x_wconf 88' lang='lat' dir='ltr'>eosdem</span> <span class='ocrx_word' id='word_1_27' title='bbox 426 457 469 492; x_wconf 93' lang='lat' dir='ltr'>in</span> <span class='ocrx_word' id='word_1_28' title='bbox 481 468 549 493; x_wconf 92' lang='lat' dir='ltr'>me</span> <span class='ocrx_word' id='word_1_29' title='bbox 562 455 700 494; x_wconf 90' lang='lat' dir='ltr'>videre</span> <span class='ocrx_word' id='word_1_30' title='bbox 712 458 899 506; x_wconf 88' lang='lat' dir='ltr'>potuisti.</span> <span class='ocrx_word' id='word_1_31' title='bbox 951 455 1070 503; x_wconf 81' lang='lat' dir='ltr'>Quae</span> <span class='ocrx_word' id='word_1_32' title='bbox 1082 467 1150 493; x_wconf 90' lang='lat' dir='ltr'>me</span> <span class='ocrx_word' id='word_1_33' title='bbox 1162 457 1393 498; x_wconf 88' lang='lat' dir='ltr'>moverunt,</span> 
     </span>
     <span class='ocr_line' id='line_1_7' title="bbox 186 519 1394 571; baseline 0 -15"><span class='ocrx_word' id='word_1_34' title='bbox 186 522 410 558; x_wconf 79' lang='lat' dir='ltr'>movissent</span> <span class='ocrx_word' id='word_1_35' title='bbox 455 520 603 559; x_wconf 85' lang='lat' dir='ltr'>eadem</span> <span class='ocrx_word' id='word_1_36' title='bbox 648 526 693 559; x_wconf 91' lang='lat' dir='ltr'>te</span> <span class='ocrx_word' id='word_1_37' title='bbox 738 519 939 571; x_wconf 87' lang='lat' dir='ltr'>profecto.</span> <span class='ocrx_word' id='word_1_38' title='bbox 991 519 1088 566; x_wconf 87' lang='lat' dir='ltr'><strong>Sed,</strong></span> <span class='ocrx_word' id='word_1_39' title='bbox 1133 530 1394 571; x_wconf 85' lang='lat' dir='ltr'>quocumque</span> 
     </span>
     <span class='ocr_line' id='line_1_8' title="bbox 186 584 1394 637; baseline -0.001 -15"><span class='ocrx_word' id='word_1_40' title='bbox 186 589 374 635; x_wconf 89' lang='lat' dir='ltr'>tempore</span> <span class='ocrx_word' id='word_1_41' title='bbox 400 585 499 623; x_wconf 91' lang='lat' dir='ltr'>mihi</span> <span class='ocrx_word' id='word_1_42' title='bbox 523 592 710 636; x_wconf 89' lang='lat' dir='ltr'>potestas</span> <span class='ocrx_word' id='word_1_43' title='bbox 734 588 963 637; x_wconf 88' lang='lat' dir='ltr'>praesentis</span> <span class='ocrx_word' id='word_1_44' title='bbox 989 587 1051 624; x_wconf 91' lang='lat' dir='ltr'>tui</span> <span class='ocrx_word' id='word_1_45' title='bbox 1075 584 1216 630; x_wconf 87' lang='lat' dir='ltr'>fuerit,</span> <span class='ocrx_word' id='word_1_46' title='bbox 1241 589 1289 623; x_wconf 89' lang='lat' dir='ltr'>tu</span> <span class='ocrx_word' id='word_1_47' title='bbox 1315 585 1394 622; x_wconf 84' lang='lat' dir='ltr'>eris</span> 
     </span>
     <span class='ocr_line' id='line_1_9' title="bbox 186 646 1394 696; baseline -0.001 -9"><span class='ocrx_word' id='word_1_48' title='bbox 186 652 369 688; x_wconf 91' lang='lat' dir='ltr'>omnium</span> <span class='ocrx_word' id='word_1_49' title='bbox 404 651 641 689; x_wconf 77' lang='lat' dir='ltr'><strong>moderator</strong></span> <span class='ocrx_word' id='word_1_50' title='bbox 676 651 934 689; x_wconf 87' lang='lat' dir='ltr'>consiliorum</span> <span class='ocrx_word' id='word_1_51' title='bbox 970 663 1171 696; x_wconf 87' lang='lat' dir='ltr'>meorum,</span> <span class='ocrx_word' id='word_1_52' title='bbox 1200 649 1278 688; x_wconf 81' lang='lat' dir='ltr'>tibi</span> <span class='ocrx_word' id='word_1_53' title='bbox 1314 646 1394 687; x_wconf 75' lang='lat' dir='ltr'>erit</span> 
     </span>
     <span class='ocr_line' id='line_1_10' title="bbox 189 710 1392 768; baseline 0 -16"><span class='ocrx_word' id='word_1_54' title='bbox 189 715 338 761; x_wconf 91' lang='lat' dir='ltr'>eidem,</span> <span class='ocrx_word' id='word_1_55' title='bbox 357 718 421 754; x_wconf 90' lang='lat' dir='ltr'>cui</span> <span class='ocrx_word' id='word_1_56' title='bbox 438 716 546 755; x_wconf 85' lang='lat' dir='ltr'>salus</span> <span class='ocrx_word' id='word_1_57' title='bbox 563 730 658 754; x_wconf 89' lang='lat' dir='ltr'>mea</span> <span class='ocrx_word' id='word_1_58' title='bbox 674 715 768 763; x_wconf 85' lang='lat' dir='ltr'>fuit,</span> <span class='ocrx_word' id='word_1_59' title='bbox 786 719 914 755; x_wconf 86' lang='lat' dir='ltr'>etiam</span> <span class='ocrx_word' id='word_1_60' title='bbox 931 716 1110 768; x_wconf 81' lang='lat' dir='ltr'>dignitas</span> <span class='ocrx_word' id='word_1_61' title='bbox 1127 727 1264 754; x_wconf 87' lang='lat' dir='ltr'>curae.</span> <span class='ocrx_word' id='word_1_62' title='bbox 1318 710 1392 752; x_wconf 90' lang='lat' dir='ltr'>Me</span> 
     </span>
     <span class='ocr_line' id='line_1_11' title="bbox 187 777 1394 831; baseline 0 -14"><span class='ocrx_word' id='word_1_63' title='bbox 187 780 354 831; x_wconf 91' lang='lat' dir='ltr'>quidem</span> <span class='ocrx_word' id='word_1_64' title='bbox 371 787 484 819; x_wconf 90' lang='lat' dir='ltr'>certe</span> <span class='ocrx_word' id='word_1_65' title='bbox 502 787 668 820; x_wconf 87' lang='lat' dir='ltr'>tuarum</span> <span class='ocrx_word' id='word_1_66' title='bbox 685 784 906 827; x_wconf 89' lang='lat' dir='ltr'>actionum,</span> <span class='ocrx_word' id='word_1_67' title='bbox 923 783 1238 826; x_wconf 86' lang='lat' dir='ltr'>sententiarum,</span> <span class='ocrx_word' id='word_1_68' title='bbox 1254 777 1394 818; x_wconf 86' lang='lat' dir='ltr'>volun-</span> 
     </span>
     <span class='ocr_line' id='line_1_12' title="bbox 186 847 1393 898; baseline -0.001 -15"><span class='ocrx_word' id='word_1_69' title='bbox 186 850 337 892; x_wconf 89' lang='lat' dir='ltr'>tatum,</span> <span class='ocrx_word' id='word_1_70' title='bbox 362 860 499 885; x_wconf 90' lang='lat' dir='ltr'>rerum</span> <span class='ocrx_word' id='word_1_71' title='bbox 525 847 704 898; x_wconf 91' lang='lat' dir='ltr'>denique</span> <span class='ocrx_word' id='word_1_72' title='bbox 730 850 912 886; x_wconf 91' lang='lat' dir='ltr'>omnium</span> <span class='ocrx_word' id='word_1_73' title='bbox 937 849 1092 886; x_wconf 91' lang='lat' dir='ltr'>socium</span> <span class='ocrx_word' id='word_1_74' title='bbox 1116 848 1393 896; x_wconf 81' lang='lat' dir='ltr'>comitemque</span> 
     </span>
     <span class='ocr_line' id='line_1_13' title="bbox 187 908 1394 963; baseline -0.001 -14"><span class='ocrx_word' id='word_1_75' title='bbox 187 909 381 958; x_wconf 78' lang='lat' dir='ltr'>habebis3</span> <span class='ocrx_word' id='word_1_76' title='bbox 422 925 559 963; x_wconf 91' lang='lat' dir='ltr'>neque</span> <span class='ocrx_word' id='word_1_77' title='bbox 581 912 682 951; x_wconf 88' lang='lat' dir='ltr'>mihi</span> <span class='ocrx_word' id='word_1_78' title='bbox 703 915 747 950; x_wconf 91' lang='lat' dir='ltr'>in</span> <span class='ocrx_word' id='word_1_79' title='bbox 769 915 880 951; x_wconf 90' lang='lat' dir='ltr'>omni</span> <span class='ocrx_word' id='word_1_80' title='bbox 903 915 988 951; x_wconf 89' lang='lat' dir='ltr'>vita</span> <span class='ocrx_word' id='word_1_81' title='bbox 1010 925 1075 950; x_wconf 91' lang='lat' dir='ltr'>res</span> <span class='ocrx_word' id='word_1_82' title='bbox 1099 917 1187 950; x_wconf 83' lang='lat' dir='ltr'>tam</span> <span class='ocrx_word' id='word_1_83' title='bbox 1210 913 1290 949; x_wconf 86' lang='lat' dir='ltr'>erit</span> <span class='ocrx_word' id='word_1_84' title='bbox 1311 908 1394 948; x_wconf 80' lang='lat' dir='ltr'>ulla</span> 
     </span>
     <span class='ocr_line' id='line_1_14' title="bbox 184 975 1393 1029; baseline -0.001 -15"><span class='ocrx_word' id='word_1_85' title='bbox 184 979 409 1027; x_wconf 89' lang='lat' dir='ltr'>proposita,</span> <span class='ocrx_word' id='word_1_86' title='bbox 434 990 559 1029; x_wconf 87' lang='lat' dir='ltr'>quam</span> <span class='ocrx_word' id='word_1_87' title='bbox 584 983 633 1016; x_wconf 91' lang='lat' dir='ltr'>ut</span> <span class='ocrx_word' id='word_1_88' title='bbox 657 978 841 1029; x_wconf 80' lang='lat' dir='ltr'>quotidie</span> <span class='ocrx_word' id='word_1_89' title='bbox 867 977 1153 1016; x_wconf 89' lang='lat' dir='ltr'>vehementius</span> <span class='ocrx_word' id='word_1_90' title='bbox 1177 982 1223 1015; x_wconf 90' lang='lat' dir='ltr'>te</span> <span class='ocrx_word' id='word_1_91' title='bbox 1248 975 1301 1014; x_wconf 89' lang='lat' dir='ltr'>de</span> <span class='ocrx_word' id='word_1_92' title='bbox 1325 986 1393 1013; x_wconf 88' lang='lat' dir='ltr'>me</span> 
     </span>
     <span class='ocr_line' id='line_1_15' title="bbox 186 1043 1401 1092; baseline 0.002 -13"><span class='ocrx_word' id='word_1_93' title='bbox 186 1044 343 1092; x_wconf 90' lang='lat' dir='ltr'>optime</span> <span class='ocrx_word' id='word_1_94' title='bbox 361 1045 556 1081; x_wconf 91' lang='lat' dir='ltr'>meritum</span> <span class='ocrx_word' id='word_1_95' title='bbox 575 1056 664 1082; x_wconf 87' lang='lat' dir='ltr'>esse</span> <span class='ocrx_word' id='word_1_96' title='bbox 682 1043 853 1082; x_wconf 86' lang='lat' dir='ltr'>laetere.</span> <span class='ocrx_word' id='word_1_97' title='bbox 1399 1083 1401 1086; x_wconf 73' lang='grc'>,</span> 
     </span>
    </p>

    <p class='ocr_par' dir='ltr' id='par_1_4' title="bbox 185 1106 1403 1937">
     <span class='ocr_line' id='line_1_16' title="bbox 238 1106 1394 1160; baseline -0.002 -14"><span class='ocrx_word' id='word_1_98' title='bbox 238 1106 361 1155; x_wconf 83' lang='lat' dir='ltr'>Quod</span> <span class='ocrx_word' id='word_1_99' title='bbox 378 1121 513 1160; x_wconf 90' lang='lat' dir='ltr'>rogas,</span> <span class='ocrx_word' id='word_1_100' title='bbox 532 1113 580 1147; x_wconf 91' lang='lat' dir='ltr'>ut</span> <span class='ocrx_word' id='word_1_101' title='bbox 598 1121 693 1146; x_wconf 86' lang='lat' dir='ltr'>mea</span> <span class='ocrx_word' id='word_1_102' title='bbox 710 1109 787 1147; x_wconf 91' lang='lat' dir='ltr'>tibi</span> <span class='ocrx_word' id='word_1_103' title='bbox 806 1111 958 1160; x_wconf 85' lang='lat' dir='ltr'>scripta</span> <span class='ocrx_word' id='word_1_104' title='bbox 975 1110 1156 1154; x_wconf 89' lang='lat' dir='ltr'>mittam,</span> <span class='ocrx_word' id='word_1_105' title='bbox 1174 1119 1282 1159; x_wconf 86' lang='lat' dir='ltr'>quae</span> <span class='ocrx_word' id='word_1_106' title='bbox 1299 1110 1394 1157; x_wconf 87' lang='lat' dir='ltr'>post</span> 
     </span>
     <span class='ocr_line' id='line_1_17' title="bbox 187 1168 1394 1222; baseline -0.001 -14"><span class='ocrx_word' id='word_1_107' title='bbox 187 1169 410 1209; x_wconf 89' lang='lat' dir='ltr'>discessum</span> <span class='ocrx_word' id='word_1_108' title='bbox 429 1176 548 1209; x_wconf 92' lang='lat' dir='ltr'>tuum</span> <span class='ocrx_word' id='word_1_109' title='bbox 574 1174 817 1222; x_wconf 91' lang='lat' dir='ltr'>scripserim,</span> <span class='ocrx_word' id='word_1_110' title='bbox 836 1177 934 1210; x_wconf 91' lang='lat' dir='ltr'>sunt</span> <span class='ocrx_word' id='word_1_111' title='bbox 952 1172 1156 1209; x_wconf 86' lang='lat' dir='ltr'>orationes</span> <span class='ocrx_word' id='word_1_112' title='bbox 1175 1168 1394 1222; x_wconf 86' lang='lat' dir='ltr'>quaedam,</span> 
     </span>
     <span class='ocr_line' id='line_1_18' title="bbox 187 1234 1394 1287; baseline -0.001 -14"><span class='ocrx_word' id='word_1_113' title='bbox 187 1248 289 1286; x_wconf 89' lang='lat' dir='ltr'>quas</span> <span class='ocrx_word' id='word_1_114' title='bbox 327 1234 560 1274; x_wconf 82' lang='lat' dir='ltr'><strong>Menocrito</strong></span> <span class='ocrx_word' id='word_1_115' title='bbox 593 1236 714 1283; x_wconf 86' lang='lat' dir='ltr'><strong>dabo,</strong></span> <span class='ocrx_word' id='word_1_116' title='bbox 740 1249 877 1287; x_wconf 89' lang='lat' dir='ltr'>neque</span> <span class='ocrx_word' id='word_1_117' title='bbox 913 1238 974 1274; x_wconf 86' lang='lat' dir='ltr'>ita</span> <span class='ocrx_word' id='word_1_118' title='bbox 999 1235 1184 1280; x_wconf 79' lang='lat' dir='ltr'>multae3</span> <span class='ocrx_word' id='word_1_119' title='bbox 1223 1247 1277 1273; x_wconf 89' lang='lat' dir='ltr'>ne</span> <span class='ocrx_word' id='word_1_120' title='bbox 1302 1245 1394 1285; x_wconf 84' lang='lat' dir='ltr'>per-</span> 
     </span>
     <span class='ocr_line' id='line_1_19' title="bbox 186 1299 1394 1353; baseline -0.001 -15"><span class='ocrx_word' id='word_1_121' title='bbox 186 1303 391 1339; x_wconf 89' lang='lat' dir='ltr'>timescas.</span> <span class='ocrx_word' id='word_1_122' title='bbox 443 1300 592 1352; x_wconf 89' lang='lat' dir='ltr'>Scripsi</span> <span class='ocrx_word' id='word_1_123' title='bbox 611 1304 738 1340; x_wconf 85' lang='lat' dir='ltr'>etiam</span> <span class='ocrx_word' id='word_1_124' title='bbox 756 1301 868 1353; x_wconf 88' lang='lat' dir='ltr'>(nam</span> <span class='ocrx_word' id='word_1_125' title='bbox 888 1302 940 1340; x_wconf 88' lang='lat' dir='ltr'>ab</span> <span class='ocrx_word' id='word_1_126' title='bbox 957 1301 1208 1339; x_wconf 88' lang='lat' dir='ltr'>orationibus</span> <span class='ocrx_word' id='word_1_127' title='bbox 1225 1299 1394 1351; x_wconf 80' lang='lat' dir='ltr'>diiungo</span> 
     </span>
     <span class='ocr_line' id='line_1_20' title="bbox 185 1364 1393 1418; baseline -0.001 -14"><span class='ocrx_word' id='word_1_128' title='bbox 185 1379 253 1404; x_wconf 91' lang='lat' dir='ltr'>me</span> <span class='ocrx_word' id='word_1_129' title='bbox 273 1364 375 1412; x_wconf 88' lang='lat' dir='ltr'>fere,</span> <span class='ocrx_word' id='word_1_130' title='bbox 393 1365 611 1418; x_wconf 89' lang='lat' dir='ltr'><strong>referoque</strong></span> <span class='ocrx_word' id='word_1_131' title='bbox 632 1367 686 1405; x_wconf 88' lang='lat' dir='ltr'>ad</span> <span class='ocrx_word' id='word_1_132' title='bbox 703 1369 1001 1405; x_wconf 81' lang='lat' dir='ltr'>mansuetiores</span> <span class='ocrx_word' id='word_1_133' title='bbox 1023 1365 1180 1412; x_wconf 85' lang='lat' dir='ltr'>Musas,</span> <span class='ocrx_word' id='word_1_134' title='bbox 1199 1377 1307 1418; x_wconf 73' lang='lat' dir='ltr'>quae</span> <span class='ocrx_word' id='word_1_135' title='bbox 1325 1376 1393 1404; x_wconf 86' lang='lat' dir='ltr'>me</span> 
     </span>
     <span class='ocr_line' id='line_1_21' title="bbox 185 1428 1393 1483; baseline -0.001 -14"><span class='ocrx_word' id='word_1_136' title='bbox 185 1433 380 1477; x_wconf 84' lang='lat' dir='ltr'>maxime,</span> <span class='ocrx_word' id='word_1_137' title='bbox 400 1434 506 1470; x_wconf 90' lang='lat' dir='ltr'>sicut</span> <span class='ocrx_word' id='word_1_138' title='bbox 525 1435 608 1470; x_wconf 90' lang='lat' dir='ltr'>iam</span> <span class='ocrx_word' id='word_1_139' title='bbox 630 1446 654 1470; x_wconf 90' lang='lat' dir='ltr'>a</span> <span class='ocrx_word' id='word_1_140' title='bbox 674 1435 806 1483; x_wconf 90' lang='lat' dir='ltr'>prima</span> <span class='ocrx_word' id='word_1_141' title='bbox 827 1432 1117 1477; x_wconf 85' lang='lat' dir='ltr'>adolescentia,</span> <span class='ocrx_word' id='word_1_142' title='bbox 1138 1428 1366 1482; x_wconf 82' lang='lat' dir='ltr'>delectant)</span> <span class='ocrx_word' id='word_1_143' title='bbox 1382 1441 1393 1476; x_wconf 89' lang='lat'>;</span> 
     </span>
     <span class='ocr_line' id='line_1_22' title="bbox 186 1496 1394 1548; baseline -0.001 -14"><span class='ocrx_word' id='word_1_144' title='bbox 186 1499 326 1547; x_wconf 88' lang='lat' dir='ltr'>scripsi</span> <span class='ocrx_word' id='word_1_145' title='bbox 351 1499 478 1548; x_wconf 89' lang='lat' dir='ltr'>igitur</span> <span class='ocrx_word' id='word_1_146' title='bbox 502 1497 754 1536; x_wconf 78' lang='lat' dir='ltr'>Aristotelen</span> <span class='ocrx_word' id='word_1_147' title='bbox 779 1511 908 1543; x_wconf 89' lang='lat' dir='ltr'>more,</span> <span class='ocrx_word' id='word_1_148' title='bbox 933 1496 1282 1548; x_wconf 86' lang='lat' dir='ltr'>quemadmodum</span> <span class='ocrx_word' id='word_1_149' title='bbox 1306 1497 1394 1547; x_wconf 89' lang='lat' dir='ltr'>qui-</span> 
     </span>
     <span class='ocr_line' id='line_1_23' title="bbox 187 1559 1402 1613; baseline 0 -14"><span class='ocrx_word' id='word_1_150' title='bbox 187 1561 283 1599; x_wconf 91' lang='lat' dir='ltr'>dem</span> <span class='ocrx_word' id='word_1_151' title='bbox 303 1561 424 1607; x_wconf 87' lang='lat' dir='ltr'>volui,</span> <span class='ocrx_word' id='word_1_152' title='bbox 448 1567 532 1600; x_wconf 90' lang='lat' dir='ltr'>tres</span> <span class='ocrx_word' id='word_1_153' title='bbox 558 1562 680 1601; x_wconf 89' lang='lat' dir='ltr'>libros</span> <span class='ocrx_word' id='word_1_154' title='bbox 706 1565 748 1600; x_wconf 92' lang='lat' dir='ltr'>in</span> <span class='ocrx_word' id='word_1_155' title='bbox 772 1562 1051 1613; x_wconf 84' lang='lat' dir='ltr'>disputatione</span> <span class='ocrx_word' id='word_1_156' title='bbox 1078 1575 1126 1600; x_wconf 86' lang='lat' dir='ltr'>ac</span> <span class='ocrx_word' id='word_1_157' title='bbox 1150 1561 1313 1612; x_wconf 85' lang='lat' dir='ltr'>dialogo</span> <span class='ocrx_word' id='word_1_158' title='bbox 1331 1559 1402 1599; x_wconf 80' lang='lat' dir='ltr'>De</span> 
     </span>
     <span class='ocr_line' id='line_1_24' title="bbox 188 1625 1394 1678; baseline 0 -13"><span class='ocrx_word' id='word_1_159' title='bbox 188 1625 360 1673; x_wconf 80' lang='lat' dir='ltr'>Oratore,</span> <span class='ocrx_word' id='word_1_160' title='bbox 383 1640 485 1678; x_wconf 92' lang='lat' dir='ltr'>quos</span> <span class='ocrx_word' id='word_1_161' title='bbox 508 1628 682 1666; x_wconf 85' lang='lat' dir='ltr'>arbitror</span> <span class='ocrx_word' id='word_1_162' title='bbox 705 1627 883 1666; x_wconf 89' lang='lat' dir='ltr'>Lentulo</span> <span class='ocrx_word' id='word_1_163' title='bbox 906 1633 978 1666; x_wconf 86' lang='lat' dir='ltr'>tuo</span> <span class='ocrx_word' id='word_1_164' title='bbox 1001 1626 1088 1665; x_wconf 89' lang='lat' dir='ltr'>fore</span> <span class='ocrx_word' id='word_1_165' title='bbox 1110 1639 1193 1665; x_wconf 90' lang='lat' dir='ltr'>non</span> <span class='ocrx_word' id='word_1_166' title='bbox 1214 1625 1394 1665; x_wconf 87' lang='lat' dir='ltr'>inutiles.</span> 
     </span>
     <span class='ocr_line' id='line_1_25' title="bbox 187 1691 1394 1744; baseline 0 -15"><span class='ocrx_word' id='word_1_167' title='bbox 187 1691 425 1730; x_wconf 88' lang='lat' dir='ltr'>Abhorrent</span> <span class='ocrx_word' id='word_1_168' title='bbox 461 1695 569 1730; x_wconf 90' lang='lat' dir='ltr'>enim</span> <span class='ocrx_word' id='word_1_169' title='bbox 607 1706 631 1731; x_wconf 86' lang='lat' dir='ltr'>a</span> <span class='ocrx_word' id='word_1_170' title='bbox 667 1693 950 1731; x_wconf 90' lang='lat' dir='ltr'>communibus</span> <span class='ocrx_word' id='word_1_171' title='bbox 984 1693 1231 1744; x_wconf 88' lang='lat' dir='ltr'>praeceptis,</span> <span class='ocrx_word' id='word_1_172' title='bbox 1266 1697 1394 1743; x_wconf 84' lang='lat' dir='ltr'>atque</span> 
     </span>
     <span class='ocr_line' id='line_1_26' title="bbox 187 1756 1394 1808; baseline -0.001 -13"><span class='ocrx_word' id='word_1_173' title='bbox 187 1770 352 1795; x_wconf 92' lang='lat' dir='ltr'>omnem</span> <span class='ocrx_word' id='word_1_174' title='bbox 382 1760 644 1808; x_wconf 90' lang='lat' dir='ltr'>antiquorum</span> <span class='ocrx_word' id='word_1_175' title='bbox 674 1764 718 1796; x_wconf 92' lang='lat' dir='ltr'>et</span> <span class='ocrx_word' id='word_1_176' title='bbox 747 1757 1040 1796; x_wconf 87' lang='lat' dir='ltr'>Aristoteleam</span> <span class='ocrx_word' id='word_1_177' title='bbox 1070 1762 1115 1795; x_wconf 90' lang='lat' dir='ltr'>et</span> <span class='ocrx_word' id='word_1_178' title='bbox 1143 1756 1394 1795; x_wconf 82' lang='lat' dir='ltr'>Isocrateam</span> 
     </span>
     <span class='ocr_line' id='line_1_27' title="bbox 186 1821 1392 1874; baseline 0 -14"><span class='ocrx_word' id='word_1_179' title='bbox 186 1825 389 1861; x_wconf 90' lang='lat' dir='ltr'>rationem</span> <span class='ocrx_word' id='word_1_180' title='bbox 427 1826 647 1861; x_wconf 86' lang='lat' dir='ltr'>oratoriam</span> <span class='ocrx_word' id='word_1_181' title='bbox 684 1823 1027 1874; x_wconf 87' lang='lat' dir='ltr'>complectuntur.</span> <span class='ocrx_word' id='word_1_182' title='bbox 1079 1821 1227 1873; x_wconf 87' lang='lat' dir='ltr'>Scripsi</span> <span class='ocrx_word' id='word_1_183' title='bbox 1266 1824 1392 1861; x_wconf 81' lang='lat' dir='ltr'>etiam</span> 
     </span>
     <span class='ocr_line' id='line_1_28' title="bbox 187 1883 1403 1937; baseline 0.001 -15"><span class='ocrx_word' id='word_1_184' title='bbox 187 1885 369 1923; x_wconf 89' lang='lat' dir='ltr'>versibus</span> <span class='ocrx_word' id='word_1_185' title='bbox 398 1891 482 1924; x_wconf 89' lang='lat' dir='ltr'>tres</span> <span class='ocrx_word' id='word_1_186' title='bbox 510 1885 632 1924; x_wconf 91' lang='lat' dir='ltr'>libros</span> <span class='ocrx_word' id='word_1_187' title='bbox 660 1886 723 1924; x_wconf 84' lang='lat' dir='ltr'>De</span> <span class='ocrx_word' id='word_1_188' title='bbox 757 1884 1000 1937; x_wconf 79' lang='lat' dir='ltr'>Temporibus</span> <span class='ocrx_word' id='word_1_189' title='bbox 1034 1883 1153 1930; x_wconf 73' lang='lat' dir='ltr'>Meis,</span> <span class='ocrx_word' id='word_1_190' title='bbox 1182 1897 1283 1936; x_wconf 91' lang='lat' dir='ltr'>quos</span> <span class='ocrx_word' id='word_1_191' title='bbox 1309 1886 1403 1923; x_wconf 70' lang='lat' dir='ltr'>iam&#39;</span> 
     </span>
    </p>
   </div>
   <div class='ocr_carea' id='block_1_4' title="bbox 193 2046 1265 2139">
    <p class='ocr_par' dir='ltr' id='par_1_5' title="bbox 193 2046 1265 2139">
     <span class='ocr_line' id='line_1_29' title="bbox 322 2046 1265 2092; baseline 0.002 -12"><span class='ocrx_word' id='word_1_192' title='bbox 322 2050 340 2068; x_wconf 81' lang='lat'><em>⁰</em></span> <span class='ocrx_word' id='word_1_193' title='bbox 362 2046 385 2062; x_wconf 90' lang='lat'><strong>“</strong></span> <span class='ocrx_word' id='word_1_194' title='bbox 401 2047 525 2081; x_wconf 88' lang='lat' dir='ltr'>About</span> <span class='ocrx_word' id='word_1_195' title='bbox 541 2059 603 2091; x_wconf 90' lang='lat' dir='ltr'>my</span> <span class='ocrx_word' id='word_1_196' title='bbox 619 2047 708 2082; x_wconf 86' lang='lat' dir='ltr'>exile</span> <span class='ocrx_word' id='word_1_197' title='bbox 723 2047 796 2082; x_wconf 79' lang='lat' dir='ltr'>and</span> <span class='ocrx_word' id='word_1_198' title='bbox 813 2049 1023 2082; x_wconf 79' lang='lat' dir='ltr'>restoration</span> <span class='ocrx_word' id='word_1_199' title='bbox 1035 2047 1056 2061; x_wconf 93' lang='lat'>”</span> <span class='ocrx_word' id='word_1_200' title='bbox 1072 2047 1265 2092; x_wconf 73' lang='lat' dir='ltr'>(Watson).</span> 
     </span>
     <span class='ocr_line' id='line_1_30' title="bbox 193 2102 245 2139; baseline 0 0"><span class='ocrx_word' id='word_1_201' title='bbox 193 2102 245 2139; x_wconf 76' lang='lat'>82</span> 
     </span>
    </p>
   </div>
  </div>
 </body>
</html>
