1442 2392
664 122 867 162 CICERO

161 227 324 264 nornine
338 229 476 284 ‘queri
513 230 675 278 possitis
689 218 738 301 7
765 227 956 280 Denique
993 228 1075 267 noli
1109 235 1155 268 te
1190 229 1368 269 oblivisci

161 286 399 347 Ciceronem
417 298 520 346 esse,
538 307 581 339 et
599 315 707 347 eum,
725 305 792 353 qui
812 302 897 340 aliis
914 306 1118 342 consueris
1134 305 1370 355 praecipere

162 380 206 413 et
223 375 320 414 dare
339 377 549 414 consilium
569 390 578 422 ;
612 391 747 429 neque
765 381 927 418 imitare
945 379 1072 418 malos
1089 379 1283 426 medicos,
1300 381 1370 432 qui

160 452 203 488 in
239 451 380 490 alienis
415 454 566 491 morbis
602 454 849 504 profitentur
883 461 1028 494 tenere
1063 469 1108 494 se
1142 455 1370 494 medicinae

161 530 389 574 seientiam,
415 532 492 579 ipsi
520 543 563 568 se
591 544 732 569 curare
760 545 842 569 non
867 537 1067 582 possunt;
1120 531 1194 570 sed
1219 534 1370 583 potine,

162 616 268 654 quae
287 604 374 643 aliis
392 609 628 657 praecipere
647 607 766 653 soles,
785 620 834 646 ea
853 613 945 646 tute
964 609 1039 646 tibi
1057 608 1225 654 subiice,
1243 613 1370 660 atque

163 681 272 730 apud
293 684 474 720 animum
494 696 691 734 propone.
746 683 888 722 Nullus
910 684 1024 722 dolor
1045 690 1123 731 est,
1143 697 1268 736 quem
1288 697 1370 723 non

161 755 438 809 longinquitas
455 762 651 810 temporis
668 763 828 798 minuat
845 774 892 799 ac
908 760 1079 800 molliat.
1132 760 1222 799 Hoc
1238 766 1283 800 te
1301 773 1370 800 ex·-

161 839 348 883 spectare
366 840 545 886 tempus,
563 849 610 874 ac
628 850 710 874 non
728 839 766 875 ei
783 839 842 875 rei
860 839 1063 888 sapientia
1080 843 1154 876 tua
1170 842 1215 876 te
1233 850 1370 876 occur-

160 922 265 956 rere,
287 911 362 949 tibi
385 917 506 963 turpe
528 918 606 952 est.
660 913 782 961 Quod
802 916 834 952 si
858 916 947 966 quis
970 916 1096 953 etiam
1117 912 1257 952 inferis
1278 902 1368 952 sen-

160 999 228 1024 sus
254 993 333 1034 est,
351 991 420 1038 qui
446 988 550 1026 illius
577 992 619 1026 in
642 995 686 1027 te
705 1003 819 1028 amor
835 989 915 1028 fuit
932 993 1148 1042 pietasque
1164 993 1209 1028 in
1226 1002 1367 1028 omnes

159 1075 267 1109 suos,
293 1063 369 1102 hoe
394 1070 506 1103 certe
532 1065 600 1102 illa
625 1071 669 1104 te
694 1064 830 1104 facere
856 1080 937 1105 non
963 1066 1064 1105 vult.
1118 1065 1185 1104 Da
1210 1065 1286 1104 hoe
1310 1064 1366 1104 illi

159 1145 375 1187 mortuae;
420 1141 474 1180 da
496 1145 643 1180 ceteris
667 1145 805 1181 amicis
829 1156 876 1181 ac
898 1142 1178 1189 familiaribus,
1201 1145 1272 1194 qui
1294 1147 1367 1182 tuo

159 1215 298 1254 dolore
313 1223 503 1256 maerent
519 1230 529 1264 ;
559 1218 612 1256 da
626 1221 786 1269 patriae
805 1231 814 1264 3
845 1225 905 1265 ut,
921 1221 954 1258 si
970 1221 1108 1271 quain
1122 1232 1166 1257 re
1182 1213 1284 1270 opus
1298 1220 1366 1264 sit,

159 1305 285 1343 opera
309 1299 353 1332 et
376 1294 541 1332 consilio
565 1300 638 1333 tuo
662 1298 723 1333 uti
746 1298 889 1346 possit.
943 1295 1150 1347 Denique,
1173 1297 1366 1347 quoniam

158 1370 201 1406 in
222 1382 314 1406 eam
335 1369 543 1408 fortunam
564 1371 818 1418 devenimus,
839 1378 887 1411 ut
908 1375 1035 1410 etiam
1056 1371 1150 1411 huic
1169 1373 1229 1410 rei
1249 1371 1365 1410 nobis

159 1446 418 1484 serviendum
445 1449 514 1493 sit,
535 1447 614 1485 noli
639 1450 912 1495 committere,
929 1454 976 1487 ut
999 1451 1215 1500 quisquam
1231 1453 1276 1487 te
1290 1460 1365 1499 pu-

158 1526 225 1560 tet
240 1535 323 1560 non
338 1528 425 1560 tam
443 1523 581 1569 filiam,
598 1537 722 1575 quam
738 1525 987 1575 reipublicae
1003 1530 1192 1575 tempora
1208 1530 1253 1563 et
1269 1523 1366 1562 alio-

158 1610 248 1636 rum
264 1601 475 1637 victoriam
491 1599 647 1651 lugere.
701 1599 822 1638 Plura
837 1614 904 1639 me
921 1601 974 1639 ad
990 1607 1034 1640 te
1050 1601 1103 1639 de
1119 1600 1195 1639 hac
1210 1613 1255 1649 re
1270 1602 1364 1639 scri-

158 1673 256 1712 bere
294 1675 439 1725 pudet,
479 1690 530 1714 ne
570 1677 710 1715 videar
746 1677 991 1728 prudentiae
1030 1683 1129 1716 tuae
1167 1676 1363 1716 diffidere.

158 1749 311 1798 Quare,
338 1754 371 1790 si
398 1752 474 1791 hoc
501 1766 627 1790 unum
654 1766 918 1804 proposuero,
944 1752 1068 1792 finem
1095 1752 1243 1792 faciam
1269 1754 1363 1792 scri-

157 1826 296 1866 bendi.
349 1827 534 1867 Vidimus
553 1829 769 1881 aliquoties
788 1830 1010 1868 secundam
1029 1829 1299 1881 pulcherrime
1317 1834 1362 1868 te

157 1902 263 1941 ferre
277 1903 498 1950 fortunam,
511 1918 787 1957 magnamque
802 1919 853 1944 ex
868 1919 918 1944 ea
930 1919 974 1944 re
988 1912 1032 1945 te
1045 1906 1210 1944 laudem
1223 1907 1362 1956 apisci3

158 1975 223 2014 fac
234 1977 453 2028 aliquando
463 1979 765 2031 intellegamus,
777 1980 989 2018 adversam
1001 1992 1164 2031 quoque
1175 1986 1218 2018 te
1228 1991 1360 2031 aeque

164 2067 242 2105 274
