1442 2392
669 142 872 183 CICERO

167 247 295 287 levius
317 247 534 286 ferendum
558 254 636 295 est,
660 249 770 300 quod
796 248 943 286 eodem
971 254 1158 300 tempore
1184 261 1210 287 a
1233 248 1373 288 multis

170 324 214 357 et
242 321 401 371 magnis
430 318 627 357 molestiis
657 319 784 364 abes3
828 332 929 371 quas
959 318 1012 357 ad
1040 324 1085 358 te
1113 332 1255 358 omnes
1282 331 1374 370 per-

168 389 401 435 scriberem,
433 392 509 427 nisi
540 403 717 436 vererer,
748 403 801 428 ne
834 402 884 428 ea
915 403 1180 442 cognosceres
1211 379 1375 437 absens,

170 473 277 511 quae
302 463 398 511 quia
422 473 505 498 non
530 460 656 506 vides,
681 459 780 498 mihi
805 460 952 499 videris
976 460 1145 499 meliore
1169 473 1259 499 esse
1281 474 1376 500 con-

170 530 341 577 ditione,
361 543 485 582 quam
505 544 592 576 nos,
613 533 683 582 qui
702 531 901 570 videmus.
954 530 1166 569 Hactenus
1187 518 1376 570 existimo

171 607 353 639 nostram
377 600 697 639 consolationem
721 607 835 640 recte
860 601 1088 640 adhibitam
1113 614 1217 648 esse,
1241 601 1376 654 quoad

171 675 321 710 certior
354 672 407 710 ab
442 671 606 710 homine
642 674 884 711 amicissimo
919 672 1038 711 fieres
1071 675 1120 711 iis
1154 672 1207 711 de
1240 673 1378 719 rebus,

172 743 319 794 quibus
342 742 468 780 levari
491 748 660 793 possent
682 742 896 781 molestiae
920 748 1033 781 tuae.
1086 742 1260 795 Reliqua
1281 749 1378 782 sunt

171 815 214 851 in
232 819 276 852 te
294 815 396 864 ipso,
414 826 550 864 neque
576 812 675 851 mihi
693 816 836 864 ignota
854 826 930 852 nec
947 815 1116 852 minima
1133 813 1379 854 solatia—ut

173 884 340 935 quidem
375 896 453 935 ego
486 886 634 930 sentio,
661 883 792 922 multo
818 886 1159 936 maxima—quae
1189 897 1282 936 ego,
1309 898 1379 924 ex-

172 957 335 1006 periens
355 954 554 1005 quotidie,
569 957 625 992 sic
643 954 786 1005 probo,
801 960 849 993 ut
863 967 913 992 ea
926 954 1026 992 mihi
1041 954 1217 993 salutem
1236 954 1379 994 afferre

173 1025 405 1063 videantur.
456 1024 515 1063 Te
530 1030 671 1063 autem
686 1025 738 1063 ab
751 1027 868 1063 initio
883 1028 1032 1064 aetatis
1045 1028 1244 1064 memoria
1254 1032 1383 1066 teneo

174 1109 333 1135 summe
347 1098 528 1134 omnium
542 1095 819 1134 doctrinarum
833 1096 1062 1135 studiosum
1074 1095 1214 1143 fuisse,
1227 1099 1381 1145 omnia-

175 1180 271 1219 que,
292 1179 398 1218 quae
420 1180 444 1204 a
463 1169 771 1217 sapientissimis
792 1167 845 1205 ad
863 1167 971 1205 bene
990 1167 1209 1206 vivendum
1227 1167 1382 1207 tradita

176 1243 328 1284 essent,
342 1251 501 1276 summo
515 1237 651 1276 studio
663 1250 843 1289 curaque
856 1237 1057 1276 didicisse.
1083 1237 1201 1286 Quae
1215 1231 1382 1290 quidem

176 1308 241 1347 vel
256 1310 420 1360 optimis
435 1308 557 1347 rebus
575 1314 618 1347 et
634 1310 725 1347 usui
744 1313 789 1347 et
804 1307 1069 1347 delectationi
1084 1321 1174 1348 esse
1188 1315 1382 1361 possent;

178 1378 240 1418 his
275 1393 371 1418 vero
406 1379 660 1430 temporibus
695 1378 894 1418 habemus
931 1379 1042 1418 aliud
1076 1379 1190 1426 nihil,
1223 1382 1266 1418 in
1300 1393 1382 1433 quo

178 1452 488 1502 acquiescamus.
550 1449 661 1488 Nihil
688 1448 836 1488 faciam
863 1449 1116 1497 insolentem
1159 1463 1294 1502 neque
1322 1457 1382 1499 te,

178 1521 251 1560 tali
267 1520 332 1559 vel
348 1523 519 1559 scientia
535 1520 600 1559 vel
616 1527 764 1559 natura
778 1520 1028 1572 praeditum,
1043 1520 1251 1568 hortabor,
1266 1528 1314 1561 ut
1329 1522 1382 1562 ad

178 1605 247 1631 eas
261 1597 305 1630 te
320 1590 474 1630 referas
486 1597 611 1637 artes,
622 1592 769 1643 quibus
782 1604 806 1629 a
817 1593 957 1642 primis
968 1592 1221 1642 temporibus
1233 1596 1382 1633 aetatis

177 1662 359 1701 studium
374 1667 493 1700 tuum
508 1662 673 1700 dedisti.
724 1661 904 1700 Tantum
918 1662 1066 1708 dicam,
1081 1662 1192 1714 quod
1205 1668 1248 1701 te
1262 1675 1382 1715 spero

179 1733 514 1784 approbaturum,
547 1745 629 1779 me,
665 1738 936 1784 posteaquam
973 1732 1030 1770 illi
1069 1735 1162 1780 arti,
1195 1734 1260 1772 cui
1296 1740 1381 1774 stu-

178 1804 363 1850 dueram,
383 1803 482 1842 nihil
501 1816 590 1842 esse
609 1802 685 1842 loci
706 1816 841 1854 neque
860 1806 903 1841 in
921 1806 1032 1841 curia
1060 1816 1196 1855 neque
1222 1806 1266 1842 in
1293 1804 1381 1845 foro

178 1875 363 1921 viderim,
378 1887 542 1912 omnem
558 1887 693 1911 meam
708 1887 847 1912 curam
863 1879 989 1925 atque
1005 1886 1171 1924 operam
1187 1874 1239 1913 ad
1254 1875 1381 1926 philo-

177 1945 362 1996 sophiam
402 1944 636 1983 contulisse.
687 1944 800 1982 Tuae
841 1946 1036 1982 scientiae
1077 1943 1294 1984 excellenti
1333 1960 1380 1986 ac

620 2043 636 2059 ⁶
658 2039 728 2078 i.e.‚
746 2049 785 2071 as
800 2049 823 2071 a
838 2037 982 2080 lawyer.

179 2087 257 2123 258
