1442 2392
114 1300 157 1333 20

678 137 883 178 CICERO

182 244 393 282 dationem
422 257 474 282 ex
503 243 656 282 ultimis
685 246 804 282 terris
840 246 1011 284 miseris.
1066 244 1154 283 Nec
1187 243 1265 284 hoc
1299 257 1391 296 per-

182 301 393 343 timueris;
433 311 529 336 nam
549 311 574 336 a
592 311 660 336 me
679 301 767 348 ipso
792 298 1014 337 laudantur
1043 304 1088 337 et
1114 298 1393 337 laudabuntur

181 352 320 390 iidem.
375 351 457 390 Sed
481 358 623 391 tamen
643 351 894 391 defendendi
914 352 1053 391 Vatini
1075 352 1156 392 fuit
1174 356 1302 391 etiam
1325 352 1395 391 ille

181 406 383 452 stimulus,
403 407 455 444 de
485 420 566 458 quo
591 409 633 444 in
658 407 822 452 iudicio,
849 421 943 445 cum
969 407 1084 445 illum
1112 406 1395 452 defenderem,

183 460 267 499 dixi
288 474 355 499 me
376 460 513 499 facere
542 461 752 512 quiddam,
774 461 886 512 quod
906 464 950 499 in
970 461 1170 500 Eunucho
1190 464 1394 513 parasitus

182 515 377 554 suaderet
394 515 514 553 militi
533 529 542 553 :

326 584 389 617 ubi
406 584 607 618 nominabit
626 583 853 623 Phaedriam,
870 587 909 618 tu
928 584 1015 618 Pam
1043 585 1153 618 hilam

324 629 505 661 continuo.
554 629 584 661 si
601 628 748 671 quando
764 628 825 662 illa
841 628 935 661 dicet
951 632 974 647 ‘⁶
986 628 1014 661 P
1040 628 1199 662 aedriam

324 673 604 705 intromittamus
620 671 891 711 comissatum,”
908 676 930 690 ‘⁶
943 672 1167 714 Pamphilam

324 718 510 748 cantatum
521 725 755 758 provocemus
768 715 810 754 '’;
834 717 864 748 si
877 715 1040 749 laudabit
1057 715 1146 750 haec

325 758 417 791 illius
433 758 600 798 formam,
616 762 656 792 tu
670 759 777 792 huius
793 762 928 793 contra.
977 758 1133 802 denique

327 805 364 834 tu
381 813 447 844 par
462 804 541 845 pari
558 801 698 842 referto,
716 802 814 844 quod
831 813 911 835 eam
929 802 1102 836 mordeat.

184 861 249 900 Sic
277 865 404 912 petivi
434 876 458 900 a
486 863 700 909 iudicibus,
730 869 790 909 ut,
820 866 1013 915 quoniam
1042 863 1210 914 quidam
1238 862 1394 902 nobiles

184 915 368 955 homines
394 922 438 955 et
461 917 513 955 de
537 930 604 955 me
628 920 784 968 optime
808 921 944 958 meriti
968 921 1086 957 nimis
1111 923 1299 956 amarent
1319 919 1395 956 ini-

184 973 335 1009 micum
373 984 527 1017 meum,
565 985 716 1023 meque
755 974 1015 1023 inspectante
1054 985 1179 1024 saepe
1218 985 1314 1010 eum
1351 973 1395 1010 in

185 1031 332 1063 senatu
365 1026 486 1064 modo
518 1039 660 1064 severe
693 1026 953 1072 seducerent,
985 1026 1107 1065 modo
1139 1025 1394 1064 familiariter

186 1085 312 1130 atque
333 1079 460 1117 hilare
481 1079 815 1131 amplexarentur
833 1093 843 1127 3
892 1083 1168 1132 quoniamque
1190 1080 1246 1119 illi
1269 1080 1394 1118 habe-

183 1139 279 1171 rent
300 1147 419 1172 suum
440 1133 643 1180 Publium,
666 1135 814 1173 darent
833 1134 932 1173 mihi
950 1137 1027 1186 ipsi
1047 1134 1171 1173 alium
1191 1133 1395 1180 Publium,

184 1190 227 1225 in
250 1201 331 1239 quo
353 1201 516 1239 possem
538 1189 698 1229 illorum
722 1192 877 1228 animos
900 1189 1161 1228 mediocriter
1182 1189 1394 1227 lacessitus

184 1241 331 1280 leviter
366 1256 612 1295 repungere.
667 1243 813 1295 Neque
850 1243 981 1282 solum
1019 1243 1118 1290 dixi,
1155 1243 1230 1283 sed
1267 1245 1393 1282 etiam

185 1309 309 1347 saepe
323 1296 443 1343 facio,
457 1297 533 1336 diis
548 1297 861 1350 hominibusque
876 1297 1212 1349 approbantibus.
1253 1297 1394 1336 Habes

184 1350 236 1388 de
272 1350 452 1397 Vatinio,
488 1365 687 1404 cognosce
723 1352 775 1390 de
812 1351 971 1391 Crasso.
1023 1352 1128 1404 Ego,
1163 1365 1257 1390 eum
1291 1348 1391 1390 mihi

186 1418 279 1443 cum
306 1405 374 1443 illo
401 1419 553 1458 magna
579 1409 661 1444 iam
688 1409 823 1458 gratia
850 1412 974 1454 esset,
1001 1406 1111 1459 quod
1139 1409 1226 1445 eius
1252 1418 1393 1445 omnes

185 1462 442 1510 gravissimas
492 1463 658 1499 iniurias
708 1463 933 1500 communis
983 1461 1223 1500 concordiae
1271 1472 1395 1499 causa

186 1513 415 1552 voluntaria
428 1515 606 1566 quadam
621 1515 822 1553 oblivione
836 1518 1121 1561 contriveram,
1134 1517 1394 1566 repentinam

186 1571 271 1606 eius
291 1567 573 1607 defensionem
593 1569 757 1615 Gabini,
771 1583 895 1621 quem
907 1572 1102 1620 proximis
1120 1569 1394 1620 superioribus

234 1652 249 1668 ⁰
271 1647 350 1680 Ter.
375 1647 470 1681 Eun.
495 1649 543 1681 iii.
571 1652 600 1682 1.
623 1651 678 1682 50.
728 1648 853 1682 Cicero
876 1659 999 1682 means
1022 1648 1101 1681 that
1124 1648 1168 1682 he
1192 1649 1221 1681 is
1269 1647 1394 1690 laying

193 1690 247 1723 off
274 1691 329 1723 his
360 1690 509 1724 Publius
539 1691 738 1735 (Vatinius)
762 1693 906 1735 against
927 1692 987 1725 the
1010 1691 1209 1734 optimates’
1272 1690 1394 1724 ublius

193 1734 383 1778 (Clodius),
414 1735 555 1777 exactly
585 1746 624 1768 as
661 1736 722 1768 the
786 1737 927 1774 arasite,
959 1734 1118 1774 Gnatho,
1157 1734 1296 1768 advises
1332 1733 1394 1768 the

190 1779 348 1820 captain,
364 1778 514 1817 Thraso,
531 1781 569 1811 to
585 1779 671 1821 play
688 1778 742 1812 off
793 1779 954 1821 amphila
971 1779 1113 1821 against
1134 1778 1189 1812 his
1206 1777 1393 1811 mistress’s

191 1821 298 1860 lover,
316 1821 495 1855 Phaedria
509 1822 581 1864 (see
599 1822 736 1855 Introd.
755 1825 799 1855 54
816 1833 882 1855 mc.
899 1826 916 1862 ξ
933 1823 981 1865 7).

237 1865 250 1884 ¹³
276 1865 345 1898 For
371 1865 550 1898 Crassus's
572 1866 732 1908 quarrels
757 1865 829 1899 and
853 1865 1137 1899 reconciliations
1158 1865 1244 1898 with
1268 1864 1392 1899 Cicero

192 1918 250 1941 see
268 1911 350 1941 note
365 1911 404 1941 to
418 1920 452 1942 v·
471 1911 502 1942 8.
524 1913 552 1942 1.

238 1956 249 1971 ⁶
273 1952 421 1985 Crassus
437 1962 551 1985 seems
574 1955 612 1985 to
631 1952 721 1985 have
737 1951 915 1985 defended
932 1951 1140 1985 Gabinius’s
1156 1952 1392 1994 government

190 1994 232 2028 of
241 1994 359 2037 Syria,
374 1996 489 2029 which
503 1995 575 2029 had
589 1996 678 2029 been
693 1995 890 2038 impugned
907 1996 957 2039 by
969 1996 1029 2029 the
1041 1995 1241 2038 publicani,
1253 1993 1326 2028 and
1341 1993 1391 2038 by

192 2037 316 2072 Cicero
332 2040 370 2072 in
386 2039 440 2072 his
456 2039 584 2082 speech
600 2041 656 2076 On
674 2042 728 2074 the
749 2041 926 2075 Consular
944 2041 1143 2077 Provimes.

195 2094 247 2130 '74
