1442 2392
689 128 892 168 CICERO

187 232 323 286 frangi
354 240 542 286 repente,
574 240 702 286 atque
734 237 795 273 ita
826 234 988 281 cadere,
1020 239 1070 273 ut
1100 233 1212 273 nulla
1241 247 1310 274 res
1325 247 1327 249 ·
1341 233 1398 274 ‘ad'

190 300 447 348 aequitatem
478 303 523 336 te
555 300 680 335 animi
711 300 841 349 possit
871 303 1018 348 postea
1051 297 1262 336 extollere.
1315 297 1396 350 Egi

190 365 307 398 tuam
325 374 490 398 causam
510 363 706 412 apertius,
727 373 851 412 quam
870 373 964 398 mea
983 365 1172 412 tempora
1188 358 1394 412 ferebant.
1418 398 1419 401 ,

190 422 441 461 Vincebatur
480 425 590 461 enim
626 422 793 461 fortuna
829 425 918 474 ipsa
955 422 1198 461 debilitatae
1235 414 1395 475 gratiae

190 491 355 523 nostrae
376 488 438 523 tui
459 488 632 524 caritate
655 491 699 524 et
718 499 812 524 meo
833 490 1036 536 perpetuo
1058 498 1158 537 erga
1177 490 1222 524 te
1243 498 1397 532 amore,

190 547 300 585 culto
339 561 365 585 a
402 553 447 586 te
486 548 811 599 diligentissime.
866 547 1016 586 Omnia
1053 550 1264 599 promissa,
1302 560 1396 587 con·-

192 609 367 655 firmata,
392 616 508 648 certa
534 616 578 648 et
602 615 694 648 rata
719 615 830 656 sunt,
856 623 963 661 quae
990 610 1043 648 ad
1067 610 1248 648 reditum
1273 614 1319 648 et
1342 609 1397 649 ad

192 671 368 710 salutem
407 678 524 710 tuam
561 675 786 724 pertinent.
845 672 952 718 Vidi,
991 675 1176 724 cognovi,
1214 671 1395 711 interfui.

151 738 174 772 2
193 734 361 772 Etenim
391 748 532 773 omnes
563 734 747 773 Caesaris
780 734 1001 772 familiares
1034 737 1133 772 satis
1167 740 1396 786 opportune

192 796 325 835 habeo
358 797 586 848 implicatos
620 797 917 836 consuetudine
944 802 989 836 et
1012 797 1315 843 benevolentia,
1341 799 1397 836 sio

192 865 254 905 ut,
278 873 371 897 cum
395 860 447 897 ab
470 859 537 897 illo
561 860 836 906 discesserint,
858 872 926 898 me
948 858 1132 898 habeant
1152 862 1397 911 proximum.

193 922 283 960 Hoc
306 922 453 968 Pansa,
477 922 649 968 Hirtius,
673 922 838 968 Balbus,
862 922 1034 973 Oppius,
1060 922 1231 968 Matius,
1254 921 1398 963 Postu-

192 998 283 1022 mus
299 984 422 1035 plane
439 987 499 1023 ita
514 984 685 1030 faciunt,
703 990 751 1023 ut
766 998 834 1023 me
851 987 970 1023 unice
986 984 1175 1036 diligant.
1228 984 1351 1032 Quod
1362 987 1399 1024 εἰ

193 1047 293 1086 mihi
316 1061 390 1098 per
413 1061 481 1086 me
505 1047 762 1086 efficiendum
785 1047 945 1093 fuisset,
969 1061 1052 1085 non
1074 1061 1142 1086 me
1163 1049 1400 1099 poeniteret

193 1123 267 1162 pro
291 1112 452 1148 ratione
478 1115 712 1161 temporum
737 1113 797 1148 ita
823 1123 913 1148 esse
938 1110 1140 1149 molitum.
1193 1109 1277 1148 Sed
1301 1108 1399 1149 nihil

195 1178 260 1211 est
285 1186 311 1210 a
336 1186 404 1211 me
430 1175 671 1211 inservitum
698 1175 894 1224 temporis
921 1185 1071 1219 causa;
1111 1178 1276 1211 veteres
1301 1171 1400 1211 mihi

194 1235 518 1274 necessitudines
553 1249 647 1274 cum
681 1235 743 1275 his
779 1236 966 1274 omnibus
1001 1235 1278 1282 intercedunt,
1312 1237 1399 1288 qui-

194 1299 366 1337 buscum
402 1311 478 1350 ego
515 1312 639 1350 agere
674 1298 727 1337 de
762 1304 807 1337 te
842 1312 924 1337 non
960 1298 1116 1337 destiti.
1169 1297 1400 1349 Principem

195 1367 337 1399 tamen
368 1361 585 1399 habuimus
618 1361 808 1407 Pansam,
839 1363 901 1399 tui
933 1360 1288 1407 studiosissimum,
1318 1363 1401 1400 mei

194 1424 403 1475 cupidum,
416 1426 486 1475 qui
498 1424 655 1462 valeret
667 1424 778 1474 apud
789 1423 903 1463 illum
914 1437 997 1462 non
1008 1426 1142 1462 minus
1153 1425 1402 1462 auctoritate

244 1552 259 1567 ⁶
284 1546 324 1580 C.
349 1546 478 1579 Vibius
503 1546 621 1580 Pansa
645 1546 779 1589 loyally
803 1558 819 1580 s
872 1545 998 1588 pot-ted
1023 1546 1166 1585 Caesar,
1191 1546 1272 1579 who
1296 1547 1333 1579 in
1356 1547 1400 1579 46

199 1601 290 1632 gave
319 1590 393 1622 him
424 1590 484 1623 the
511 1593 745 1632 government
775 1590 815 1623 of
822 1557 1021 1632 ugisalpine
1051 1589 1158 1629 Gaul.
1188 1589 1261 1622 and
1291 1590 1327 1623 in
1356 1592 1401 1623 44

199 1634 406 1667 nominated
439 1634 513 1666 him
545 1633 669 1667 consul
700 1634 757 1666 for
787 1636 832 1667 43
864 1634 947 1666 with
982 1633 1131 1667 Hirtius.
1181 1633 1299 1666 Pansa
1329 1643 1402 1666 was

199 1677 363 1710 defeated
386 1677 436 1719 by
457 1677 637 1710 Antonius
658 1680 696 1710 at
718 1677 850 1710 Forum
873 1677 1059 1710 Gallorum
1081 1678 1117 1710 in
1139 1676 1323 1719 February
1344 1678 1401 1716 43,

199 1720 272 1753 and
300 1720 467 1763 mortally
494 1720 684 1760 wounded,
712 1720 773 1754 the
800 1721 912 1754 victor
939 1720 1048 1763 being
1075 1719 1239 1754 defeated
1267 1731 1314 1753 on
1341 1719 1402 1753 the

199 1774 298 1797 same
314 1764 387 1806 day
403 1732 467 1806 byy
469 1764 620 1798 Hirtius.

247 1807 260 1827 δ
287 1807 402 1840 Aulus
419 1807 569 1846 Hirtius,
586 1807 721 1850 having
735 1807 857 1850 joined
881 1807 1065 1846 Octavius,
1081 1806 1233 1840 relieved
1259 1807 1402 1840 Mutina

200 1851 302 1884 when
326 1850 493 1893 besieged
517 1851 541 1884 b
587 1851 778 1889 Antonius,
798 1850 916 1883 whom
941 1851 986 1884 he
1010 1861 1195 1884 overcame
1218 1851 1256 1883 in
1279 1849 1401 1889 battle.

200 1894 266 1927 but
281 1905 354 1927 was
372 1894 517 1928 himself
529 1905 545 1927 s
560 1895 631 1927 ain.

248 1942 260 1958 ⁶
286 1938 327 1970 L.
348 1937 532 1971 Cornelius
556 1938 690 1970 Balbus
710 1947 782 1970 was
801 1948 823 1969 a
843 1938 961 1970 native
979 1937 1020 1971 of
1036 1936 1168 1976 Gades,
1187 1936 1254 1970 but
1272 1935 1403 1970 Caesar

201 1981 306 2014 made
336 1981 410 2013 him
443 1981 497 2014 his
526 1981 727 2023 praefectus
737 1981 914 2057 A'abrum
946 1981 1029 2014 thus
1060 1962 1202 2013 enablin
1260 1979 1334 2013 him
1365 1982 1403 2013 to

199 2035 318 2058 aniass
350 2035 373 2057 a
406 2025 502 2067 hug-e
533 2025 687 2058 fortune.
772 2026 841 2057 tter
873 2024 1035 2058 Caesar's
1067 2024 1176 2058 death
1234 2033 1255 2057 e
1279 2022 1401 2067 joined

202 2089 280 2123 488
