1442 2392
676 146 879 186 CICERO

173 249 301 296 ditae,
334 255 498 289 tantum
531 251 722 290 videntur
753 251 949 302 proficere
982 251 1150 297 debere,
1181 256 1383 303 quantum

172 326 306 359 status
317 323 404 371 ipse
417 327 581 360 nostrae
594 324 784 367 civitatis,
793 327 837 360 et
849 321 951 360 haec
965 322 1139 372 prolatio
1152 327 1383 373 temporum

172 391 441 442 perditorum,
478 406 570 431 cum
618 393 843 431 beatissimi
880 395 975 438 sint,
1012 395 1083 444 qui
1117 392 1265 432 liberos
1302 386 1383 431 non

172 469 455 513 susceperunt,
474 466 608 501 minus
628 469 769 501 autem
788 466 940 509 miseri,
960 466 1029 515 qui
1048 463 1110 502 his
1129 464 1382 514 temporibus

172 535 412 579 amiserunt,
434 547 557 584 quam
580 536 612 571 si
634 534 801 572 eosdem
822 534 931 572 bona
952 540 1025 572 aut
1046 534 1225 586 denique
1246 533 1383 586 aliqua

171 604 381 653 republica
416 604 705 654 perdidissent.
759 604 881 653 Quod
917 607 950 643 si
985 610 1105 643 tuum
1141 610 1186 644 te
1222 604 1382 644 deside-

170 676 275 711 rium
293 680 433 712 movet
450 681 523 713 aut
546 677 579 712 si
599 680 763 713 tuarum
782 689 919 714 rerum
938 678 1190 727 cogitatione
1206 688 1380 723 maeres,

170 756 252 782 non
272 743 391 783 facile
413 744 618 783 exhauriri
638 746 714 784 tibi
734 748 859 784 istum
880 745 1062 784 dolorem
1081 759 1201 797 posse
1221 748 1381 784 univer-

169 827 260 853 sum
279 821 395 866 puto.
449 815 519 853 Sin
538 815 607 854 illa
625 822 670 854 te
689 829 754 854 res
774 819 941 862 cruciat,
954 829 1061 868 quae
1080 819 1211 869 magis
1231 818 1379 855 amoris

169 891 248 931 est,
268 891 315 924 ut
335 899 491 932 eorum,
507 889 576 937 qui
596 886 847 933 occiderunt,
863 890 1045 926 miserias
1064 887 1309 939 lugeas—ut
1328 900 1379 926 ea

167 968 248 993 non
277 956 423 1002 dicam,
452 970 558 1008 quae
585 960 822 1008 saepissime
850 964 895 996 et
920 957 1003 1009 legi
1030 963 1075 997 et
1101 958 1252 1004 audivi,
1279 957 1377 1000 nihil

166 1026 262 1064 mali
280 1040 368 1065 esse
383 1030 427 1065 in
442 1033 575 1066 morte
594 1040 604 1073 3
634 1030 676 1066 in
693 1041 774 1079 qua
793 1031 825 1067 si
844 1029 1025 1067 resideat
1043 1041 1200 1075 sensus,
1214 1031 1378 1067 immor—

166 1097 306 1135 talitas
333 1097 402 1135 illa
428 1101 579 1148 potius,
608 1111 732 1149 quam
759 1113 867 1137 mors
894 1099 1083 1138 ducenda
1110 1101 1192 1144 sit;
1233 1101 1295 1138 sin
1321 1100 1376 1138 sit

166 1171 350 1214 amissus,
367 1168 479 1206 nulla
495 1169 623 1207 videri
639 1172 802 1208 miseria
818 1170 986 1216 debeat,
1001 1183 1109 1222 quae
1125 1183 1209 1208 non
1223 1171 1375 1209 sentia-

164 1238 362 1276 tur—hoc
381 1244 524 1278 tamen
543 1253 625 1278 non
645 1240 838 1279 dubitans
857 1240 1097 1279 confirmare
1124 1254 1305 1292 possum,
1323 1252 1375 1280 ea

162 1311 337 1355 misceri,
350 1312 499 1360 parari,
516 1310 756 1361 impendere
777 1311 1040 1362 reipublicae,
1062 1324 1169 1364 quae
1191 1313 1260 1363 qui
1281 1308 1373 1350 reli-

164 1383 314 1430 querit,
334 1380 444 1418 nullo
462 1381 584 1419 modo
603 1381 703 1419 mihi
722 1381 889 1432 quidem
908 1382 1108 1433 deceptus
1127 1395 1216 1421 esse
1236 1381 1371 1421 videa-

162 1455 244 1488 tur.
298 1450 409 1498 Quid
429 1457 494 1489 est
515 1454 624 1489 enim
645 1454 727 1490 iam
748 1466 830 1490 non
850 1453 973 1491 modo
986 1453 1146 1504 pudori,
1159 1453 1371 1504 probitati,

161 1523 318 1567 virtuti,
335 1524 458 1560 rectis
476 1522 635 1568 studiis,
654 1523 769 1561 bonis
789 1524 959 1570 artibus,
977 1523 1050 1562 sed
1068 1525 1233 1562 omnino
1250 1523 1370 1562 liber-

161 1594 240 1629 tati
255 1605 301 1630 ac
315 1592 437 1630 saluti
450 1592 527 1631 loci
543 1593 559 1631 ?
587 1593 694 1640 Non,
707 1593 955 1640 mehercule,
969 1607 1220 1647 quemquam
1233 1593 1367 1633 audivi

160 1660 236 1700 hoc
260 1665 498 1714 gravissimo
524 1669 568 1702 et
591 1664 927 1714 pestilentissimo
953 1678 1060 1703 anno
1085 1664 1367 1704 adolescentu-

158 1731 243 1770 lum
270 1739 343 1771 aut
366 1746 540 1784 puerum
566 1740 788 1781 mortuum,
815 1738 884 1786 qui
909 1734 1008 1772 mihi
1034 1748 1115 1773 non
1142 1749 1166 1773 a
1191 1735 1267 1774 diis
1292 1737 1365 1773 im—

157 1803 397 1843 mortalibus
410 1811 577 1855 ereptus
590 1818 642 1843 ex
654 1805 715 1843 his
727 1808 898 1844 miseriis
911 1811 1037 1857 atque
1050 1819 1102 1844 ex
1113 1808 1364 1858 iniquissima

109 1878 131 1910 5
157 1874 391 1912 conditione
431 1878 540 1913 vitae
581 1875 802 1914 videretur.
856 1876 1008 1924 Quare,
1047 1879 1081 1916 si
1120 1877 1197 1915 tibi
1236 1889 1361 1915 unum

202 2007 218 2022 ⁰
243 2003 263 2015 “
282 2003 332 2036 Be
350 2015 371 2036 a
390 2003 480 2036 loser
497 2004 546 2046 by
564 2004 623 2037 the
642 2004 861 2045 exchange.”
913 2004 1101 2039 Melmoth.
1152 2005 1173 2018 ‘¹
1189 2004 1362 2043 Considet

155 2045 301 2079 himself
314 2047 471 2089 unfairly
488 2047 585 2081 dealt
602 2048 724 2081 with.”
771 2048 920 2091 Tyrrell.

154 2102 231 2142 392
