1442 2392
666 117 871 158 CICERO

160 221 404 273 magnitudo
430 227 475 261 et
499 225 558 261 vis
584 225 731 261 amoris
755 225 852 269 mei,
877 222 1044 261 consilio
1068 228 1113 262 te
1137 227 1186 262 ut
1208 231 1371 274 possem

113 291 135 324 3
162 289 315 326 iuvare.
370 287 552 326 Scribam
588 287 642 326 ad
676 293 721 326 te
756 287 875 339 plura
910 287 1037 334 alias;
1086 290 1226 340 paucis
1261 290 1371 326 enim

161 352 306 391 diebus
349 365 461 391 eram
503 355 698 391 missurus
737 353 983 392 domesticos
1023 352 1271 399 tabellarios,
1309 358 1376 404 utg

161 420 355 469 quoniam
392 431 490 456 sane
528 417 704 457 feliciter
741 424 786 457 et
823 431 875 456 ex
908 431 1003 457 mea
1039 421 1248 458 sententia
1283 422 1378 460 rem‘

160 485 374 534 gessimus,
404 486 494 522 unis
522 483 671 522 litteris
700 486 828 522 totius
857 486 1028 522 aestatis
1055 496 1121 523 res
1149 489 1301 536 gestas.
1318 482 1377 527 ad,

160 554 351 587 senatum
373 549 682 599 perscriberem.
737 548 803 587 De
825 549 1055 588 sacerdotio
1076 555 1150 588 tuo
1172 543 1370 601 quantam

160 626 300 651 curam
338 613 605 660 adhibuerim,
642 627 850 666 quamque
896 614 1046 653 difficili
1082 617 1125 652 in
1160 627 1206 666 re
1243 620 1370 666 atque

159 692 296 725 causa,
315 692 535 730 cognosces
555 692 607 717 ex
625 681 672 718 iis
690 679 854 726 litteris,
874 692 975 731 quas
993 679 1206 726 Thrasoni,
1221 679 1370 719 liberto

111 751 135 783 4
161 750 247 790 tuo,
275 744 384 782 dedi.
437 744 511 791 Te,
537 747 594 783 mi
621 745 757 791 Curio,
783 758 857 796 pro
884 750 958 784 tua
982 745 1210 787 incredibili
1234 747 1278 783 in
1302 757 1378 798 me.

159 809 450 848 benevolentia
465 823 642 862 meaque
659 813 763 849 item
778 813 822 848 in
838 816 883 849 te
900 810 1110 862 singulari,
1125 824 1226 862 rogo
1243 799 1370 863 atque

160 889 245 922 oro,
263 888 316 914 ne
333 878 508 926 patiare,
526 875 752 927 quidquam
769 875 870 914 mihi
888 876 941 914 ad
959 875 1065 915 hanc
1080 875 1370 928 provincialem

159 938 392 979 molestiam
413 944 610 992 temporis
630 944 854 993 prorogari.
908 941 1107 980 Praesens
1128 947 1268 980 tecum
1288 943 1369 993 egi,

161 1020 254 1044 cum
275 1012 320 1045 te
342 1007 553 1044 tribunum
576 1006 707 1058 plebis
730 1009 810 1045 isto
835 1020 941 1045 anno
959 1005 1047 1046 fore
1064 1020 1147 1046 non
1163 1012 1369 1060 putarem,

159 1074 345 1123 itemque
370 1074 499 1122 petivi
523 1075 686 1123 saepius
711 1085 786 1123 per
809 1072 969 1111 litteras
988 1085 999 1118 ;
1039 1072 1114 1112 sed
1137 1078 1228 1112 tum
1252 1074 1373 1125 quasi

160 1137 383 1176 sectatore1
408 1137 672 1184 nobilissimo,
691 1143 834 1176 tamen
859 1138 912 1176 ab
935 1137 1199 1176 adulescente
1216 1140 1374 1189 gratio-

159 1205 317 1241 sissimo
335 1215 345 1248 3
375 1216 484 1242 nunc
500 1216 525 1241 a
540 1204 705 1241 tribuno
720 1203 866 1254 plebis,
883 1209 928 1242 et
943 1217 968 1241 a
984 1203 1160 1242 Curione
1175 1203 1367 1243 tribunat

160 1281 242 1306 non
280 1273 328 1306 ut
365 1268 611 1306 decernatur
649 1268 803 1320 aliquid
839 1271 933 1306 novi
972 1267 1100 1320 (quod
1135 1263 1255 1307 solet*
1278 1281 1367 1308 esse

161 1333 390 1385 difficilius),
418 1333 492 1371 sed
524 1339 572 1372 ut
604 1346 656 1371 ne
691 1333 790 1385 quid
821 1336 915 1372 novi
941 1322 1214 1379 decernatur3
1251 1336 1296 1372 et
1319 1339 1368 1373 ut

160 1398 563 1437 senatusconsultum
605 1404 649 1437 et
689 1398 802 1450 leges
844 1398 1058 1444 defendas,
1096 1411 1228 1450 eaque
1268 1397 1367 1438 mihi

159 1463 340 1502 conditio
392 1470 574 1510 maneat,
628 1477 710 1515 qua
761 1463 970 1515 profectus
1023 1478 1128 1503 sum.
1182 1463 1272 1512 Hoc
1321 1455 1366 1504 te

159 1528 430 1567 vehementer
447 1532 574 1568 etiam
593 1535 720 1580 atque
740 1532 867 1568 etiam
884 1543 998 1581 rogo.
1053 1528 1202 1582 [Vale.]

205 1643 218 1663 1
240 1642 276 1676 R
299 1643 361 1676 has
385 1645 560 1681 senatore,
582 1643 693 1676 which
717 1642 946 1684 Shuckburqh
969 1643 1116 1686 defends
1138 1655 1178 1676 as
1201 1644 1366 1687 meaniny

165 1687 280 1728 “only
298 1698 321 1719 a
337 1690 488 1725 senator,
505 1687 578 1719 and
594 1690 667 1726 not,
684 1698 724 1719 as
746 1698 835 1726 now,
855 1687 941 1720 with
962 1687 1016 1720 the
1034 1698 1153 1729 power
1174 1687 1218 1730 os
1234 1691 1309 1721 veto
1321 1687 1364 1722 ’‚’v=

161 1733 334 1763 sectatore
351 1729 382 1763 is
400 1730 605 1763 Streicher's
622 1730 856 1770 emendation,
872 1731 1066 1773 supported
1082 1730 1124 1773 by
1142 1730 1293 1773 Tyrrell.
1322 1761 1326 1766 .

198 1852 227 1899 ,α
251 1848 317 1899 His
344 1849 538 1891 campaign
566 1859 612 1881 on
644 1848 776 1881 Mount
799 1849 964 1882 Amanus
986 1848 1059 1882 and
1087 1850 1301 1891 occupatiori
1328 1849 1367 1883 of

166 1890 479 1977 PindTesszsggsliege
489 1933 530 1967 of
539 1934 701 1973 Pontiffs,
713 1935 828 1968 which
839 1933 1005 1977 co-opted
1020 1936 1063 1968 its
1076 1935 1264 1974 members,
1277 1946 1366 1969 were

162 1977 340 2020 probably
362 1978 574 2011 disinclined
595 1981 633 2012 to
654 1978 818 2012 consider
839 1979 900 2012 the
922 1978 1156 2012 candidature
1177 1978 1219 2012 of
1235 1989 1258 2012 a
1280 1989 1363 2012 man

165 2020 205 2054 of
219 2021 357 2055 Curio's
374 2023 589 2064 reputation-

174 2077 246 2111 114
