1442 2392
690 141 894 181 CICERO

185 243 322 283 velim.
375 244 442 284 De
465 245 626 284 Parthis
649 246 760 298 quod
781 249 957 298 quaeris,
978 245 1104 286 fuisse
1126 246 1395 298 nullospu‘to.

185 306 345 346 Arabes
379 310 449 359 qui
481 306 664 355 fuerunt,
698 309 884 348 admixto
917 308 1108 348 Parthico
1139 315 1303 355 ornatu,
1330 309 1394 348 di-

184 375 335 407 cuntur
375 383 517 409 omnes
559 373 791 410 revertisse.
845 371 1021 411 Hostem
1063 384 1153 411 esse
1193 363 1237 411 in
1278 371 1394 424 Syria

184 438 342 483 negant
370 432 511 471 ullum.
563 432 626 471 Tu
654 433 802 472 vellem
830 434 884 472 ad
910 447 977 472 me
1006 447 1131 486 quam
1157 436 1394 499 saepissime

185 499 230 531 et
255 493 307 532 de
333 497 414 533 tuis
439 495 561 534 rebus
586 496 738 534 scribas
763 501 808 535 et
832 496 884 534 de
909 499 1011 535 meis
1037 501 1082 536 et
1105 495 1159 535 de
1183 499 1295 551 omni
1316 497 1395 535 rei-

183 556 372 606 publicae
396 563 523 603 statu,
543 557 595 596 de
614 571 695 610 quo
718 572 808 598 sum
831 558 1025 599 sollicitus
1049 571 1098 598 eo
1121 561 1252 611 magis
1279 548 1394 612 quqd

185 631 238 656 ex
265 622 347 658 tuis
374 619 523 658 litteris
551 624 723 673 cognovi
749 620 992 674 Pompeium
1019 627 1204 661 nostrum
1229 624 1274 661 in
1299 621 1394 661 His-

183 684 350 733 paniam
368 685 537 722 iturum.

757 847 818 886 IX

451 963 500 991 Μ.
524 963 565 991 ‘1'-
593 965 627 991 C.
654 964 688 992 Β.
715 965 756 991 D.
783 966 902 991 APPIO
929 965 1114 1007 PULCHRO

580 1054 623 1088 In
641 1055 777 1095 Cilicia,
794 1066 901 1090 A.u.c.
920 1058 999 1090 704.
1025 1048 1030 1055 ⁴

233 1139 314 1179 Vix
351 1139 522 1180 tandem
559 1141 642 1194 legi
679 1141 839 1181 litteras
877 1143 1022 1194 dignas
1060 1142 1197 1195 Appio
1234 1141 1390 1188 Clodio,

182 1203 324 1254 plenas
377 1204 660 1251 humanitatis,
710 1205 828 1251 offici,
879 1205 1133 1257 diligentiae.
1185 1199 1390 1256 Aspectns

182 1266 374 1304 videlicet
416 1266 539 1306 Urbis
581 1267 657 1305 tibi
699 1273 814 1306 tuam
855 1270 1070 1318 pristinam
1110 1268 1390 1309 urbanitatem

181 1329 376 1367 reddidit.
430 1328 551 1375 Nam,
592 1342 694 1380 quas
736 1343 788 1368 ex
827 1332 977 1368 itinere
1017 1335 1132 1376 ante,
1172 1343 1321 1382 quam:
1337 1339 1390 1368 ex

182 1390 282 1428 Asia
307 1404 494 1442 egressus
521 1404 645 1438 esses,
671 1392 724 1430 ad
748 1405 816 1430 me
840 1392 1001 1431 litteras
1025 1395 1186 1439 misisti,
1210 1387 1313 1431 linas
1337 1391 1390 1430 d'e

181 1452 330 1504 legatis
350 1466 374 1491 a
392 1466 460 1492 me
479 1453 693 1504 prohibitis
712 1454 924 1505 proficisci,
940 1454 1090 1493 alteras
1110 1454 1163 1494 de
1182 1454 1391 1506 Appiano-

181 1529 272 1553 rum
298 1515 584 1555 aedificatione
609 1517 823 1568 impedita,
842 1517 925 1569 legi
946 1520 1188 1569 perinvitus.
1241 1516 1391 1569 Itaque

181 1581 432 1617 conscientia
462 1592 581 1617 meae
612 1582 838 1619 constantis
871 1593 970 1632 erga
1000 1586 1045 1619 te
1075 1579 1309 1619 voluntatis
1327 1593 1391 1619 re-

181 1643 322 1691 scripsi
353 1642 430 1679 tibi
460 1642 680 1680 subiratus.
735 1642 789 1680 Iis
821 1655 917 1681 vero
947 1642 1096 1682 litteris
1126 1642 1258 1689 lectis,
1289 1655 1392 1694 quas

183 1702 402 1741 Philotimo
429 1703 579 1742 liberto
607 1717 701 1742 meo
730 1704 895 1751 dedisti,
923 1707 1095 1756 cognovi
1121 1704 1392 1756 intellexique

181 1767 224 1803 in
246 1768 454 1816 provincia
476 1766 628 1805 multos
651 1765 790 1813 fuisse,
815 1770 885 1818 qui
908 1780 996 1813 nos,
1019 1780 1101 1819 quo
1125 1769 1262 1805 animo
1282 1769 1392 1806 inter

182 1840 256 1865 nos
269 1841 422 1874 sumus,
435 1841 524 1866 esse
540 1828 697 1867 nollent
711 1841 721 1874 ;
750 1829 803 1867 ad
817 1829 974 1868 Urbem
986 1842 1083 1868 vero
1097 1835 1145 1868 ut
1159 1825 1390 1876 accesseris,

181 1890 247 1928 vel
275 1893 412 1941 potius
441 1895 490 1929 ut
517 1893 694 1941 primum
724 1896 817 1930 tuos
847 1891 1009 1938 videris,
1038 1903 1234 1943 cognosse
1263 1897 1390 1946 te⁴exv

181 1955 243 1997 iis,
268 1966 350 2004 qua
373 1955 416 1990 in
440 1958 484 1992 te
509 1954 725 1992 absentem
751 1954 845 1999 fide,
870 1967 952 2006 qua
975 1956 1018 1992 in
1042 1955 1230 1993 omnibus
1249 1953 1389 2006 ‘officiis

526 2049 542 2066 ⁶
567 2045 634 2078 See
651 2047 699 2078 iii.
718 2047 750 2079 ⁷.
767 2048 802 2084 2.
819 2046 891 2079 and
910 2049 942 2080 8.
960 2049 981 2079 2
999 2045 1037 2080 ff.
1311 2037 1327 2068 -ῐ

187 2104 266 2139 210
