1442 2392
661 162 863 203 CICERO

160 275 219 316 te,
243 269 346 308 haec
369 267 478 307 mala
501 268 636 306 multo
657 274 755 307 ante
779 268 1078 319 providentem,
1102 267 1359 309 defensorem

159 334 270 383 pacis
295 337 339 370 et
361 333 404 369 in
427 330 640 369 consulatu
664 336 736 368 tuo
761 335 805 368 et
827 336 922 380 post
943 330 1200 370 consulatum
1221 331 1359 371 fuisse.

160 394 250 445 Ego
274 399 429 438 autem,
453 406 546 430 cum
569 392 779 430 consilium
803 397 921 430 tuum
944 393 1161 443 probarem
1183 399 1229 432 et
1249 394 1360 432 idem

158 458 246 506 ipse
259 458 469 500 sentirem,
478 454 578 491 nihil
588 453 865 504 proficiebam.
917 453 1015 492 Sero
1029 457 1139 492 enim
1146 468 1359 502 veneram;

158 518 266 557 solus
288 530 400 555 eram
418 529 428 562 ;
463 516 574 554 rudis
596 529 685 554 esse
706 516 874 554 videbar
892 518 936 554 in
955 529 1105 562 causa3
1138 517 1360 557 incideram

157 582 202 618 in
232 579 443 617 hominum
474 578 685 629 pugnandi
716 578 955 628 cupidorum
984 581 1176 626 insanias.
1228 579 1360 627 Nune,

159 644 352 693 quoniam
396 640 495 678 nihil
536 643 620 678 iam
662 640 847 678 videmur
890 640 1080 691 opitulari
1122 654 1241 691 posse
1283 645 1360 681 rei-

157 704 359 755 publicae,
381 706 415 741 si
438 703 537 754 quid
559 708 637 748 est,
658 705 702 740 in
724 716 805 754 quo
828 703 1128 754 nobismetipsis
1149 704 1359 743 consulere

157 768 371 817 possimus,
405 779 487 803 non
520 771 567 803 ut
601 764 754 815 aliquid
787 778 838 802 ex
871 767 1043 815 pristino
1075 771 1189 805 statu
1221 773 1360 806 nostro

157 831 422 873 retineamus,
456 827 530 865 sed
571 833 619 865 ut
651 820 774 878 quam
816 827 1100 866 honestissime
1132 828 1359 879 lugeamus,

157 904 279 928 nemo
299 895 363 928 est
381 892 576 935 omnium,
596 892 759 940 quicum
777 892 914 940 potius
932 889 1046 936 mihi,
1065 903 1188 941 quam
1206 897 1359 939 tecum,

156 951 539 992 communicandum
574 957 732 1002 putem.
785 951 824 989 N
826 964 872 990 ec
907 953 1016 990 enim
1049 951 1359 992 clarissimorum

156 1018 347 1060 virorum,
387 1027 560 1065 quorum
599 1013 749 1052 similes
788 1026 879 1052 esse
918 1014 1131 1061 debemus,
1169 1016 1360 1067 exempla

156 1090 292 1128 neque
307 1077 646 1122 doctissimorum,
660 1089 761 1127 quos
775 1089 938 1127 semper
951 1076 1125 1123 coluisti,
1137 1084 1359 1129 praecepta

155 1145 200 1178 te
225 1138 404 1191 fugiunt.
457 1138 597 1189 Atque
621 1141 709 1189 ipse
735 1144 859 1176 antea
884 1138 936 1177 ad
960 1145 1004 1177 te
1029 1141 1290 1190 scripsissem,
1313 1145 1358 1180 te

155 1201 307 1240 frustra
333 1203 377 1239 in
403 1206 594 1239 senatum
622 1203 706 1239 sive
734 1203 870 1251 potius
898 1203 940 1238 in
967 1207 1215 1241 conventum
1242 1216 1358 1244 sena-

156 1270 292 1303 torum
330 1276 419 1302 esse
457 1268 689 1309 venturum,
727 1265 769 1300 ni
806 1266 959 1302 veritus
997 1276 1143 1310 essem,
1180 1277 1234 1303 ne
1271 1267 1358 1305 eius

155 1329 336 1365 animum
348 1324 612 1370 offenderem,
628 1327 697 1376 qui
713 1338 737 1363 a
752 1338 833 1371 me,
846 1331 893 1363 ut
904 1331 948 1364 te
960 1328 1157 1372 imitarer,
1171 1327 1358 1377 petebat.

156 1388 232 1426 Cui
263 1387 431 1439 quidem
463 1399 555 1438 ego,
587 1399 653 1425 me
685 1400 778 1425 cum
809 1393 988 1438 rogaret,
1020 1393 1068 1426 ut
1099 1388 1286 1427 adessem
1312 1391 1357 1428 in

155 1455 317 1495 senatu,
353 1449 500 1487 eadem
534 1452 685 1495 omnia,
721 1462 827 1500 quae
863 1463 888 1487 a
922 1455 966 1488 te
1002 1449 1054 1488 de
1089 1462 1191 1501 pace
1226 1456 1271 1489 et
1304 1451 1357 1490 de

156 1512 362 1563 Hispaniis
403 1511 514 1549 dicta
552 1517 662 1557 sunt,
702 1511 864 1549 ostendi
903 1525 970 1550 me
1011 1525 1100 1550 esse
1139 1511 1356 1552 dicturum.

106 1580 128 1612 2
155 1574 236 1613 Res
262 1574 375 1612 vides
402 1587 483 1625 quo
508 1573 630 1611 modo
655 1586 699 1611 se
726 1573 935 1618 habeant3
976 1574 1116 1612 orbem
1141 1579 1356 1622 terrarum,

154 1638 333 1687 imperiis
382 1636 623 1681 distributis,
673 1635 815 1673 ardere
865 1635 1000 1681 bello;
1065 1636 1221 1674 Urbem
1269 1640 1356 1676 sine

153 1698 328 1750 legibus,
360 1701 447 1736 sine
480 1698 651 1742 iudiciis,
683 1699 771 1736 sine
803 1700 906 1743 iure,
938 1700 1025 1736 sine
1058 1697 1139 1736 fide
1171 1698 1355 1738 relictam

154 1761 373 1811 direptioni
423 1765 467 1798 et
515 1759 726 1797 incendiis.
781 1759 928 1810 Itaque
978 1759 1076 1798 mihi
1126 1763 1264 1799 venire
1311 1764 1355 1800 in

153 1828 338 1860 mentem
369 1821 468 1859 nihil
498 1827 650 1872 potest,
683 1835 763 1859 non
795 1822 916 1860 modo
948 1822 1047 1873 quid
1076 1835 1252 1873 sperem,
1281 1822 1355 1862 sed

207 1940 222 1955 ‘⁸
245 1934 426 1977 Sulpicius
442 1944 514 1967 was
529 1933 678 1967 consul
670 1945 705 1967 m
723 1936 761 1967 51
784 1945 815 1966 B.
818 1945 849 1967 e.

205 1979 219 1999 ⁶
243 1977 318 2011 The
349 1979 506 2019 meeting
537 1972 577 2010 of
610 1980 769 2010 senators
798 1976 980 2010 convened
1010 1977 1060 2019 by
1089 1977 1220 2011 Caesar
1247 1978 1351 2012 could

157 2020 286 2063 hardly
304 2020 349 2054 be
367 2020 479 2054 called
498 2031 520 2053 a
538 2019 696 2054 Senate‘
687 2031 722 2053 m
741 2020 802 2054 the
819 2020 971 2054 absence
989 2019 1030 2054 of
1043 2020 1104 2055 the
1121 2022 1262 2055 consuls
1279 2021 1351 2056 and

157 2074 268 2106 many
263 2032 325 2096 yof
338 2064 397 2097 the
414 2064 650 2106 magistrates.

161 2117 236 2154 248
