1442 2392
678 103 882 143 CICERO

175 206 312 254 Quod,
346 212 548 258 quantum
584 207 670 245 fieri
704 210 874 258 poterit,
908 220 1220 260 consequamur.
1272 206 1383 256 Quid

175 263 285 298 enim
319 267 383 299 est
415 264 580 313 utrique
611 267 796 300 nostrum
828 263 998 313 aptius?
1062 261 1307 314 Propediem
1337 267 1383 302 te

177 317 304 367 igitur
322 316 484 354 videbo.
1347 324 1350 330 ‘

732 470 831 510 XVI

508 585 555 613 Μ.
582 586 621 613 Τ.
649 587 791 613 CICERO
817 587 850 614 s.
877 587 916 614 Τ.
943 587 1055 614 ΤΙΤΙΟ

679 688 787 712 A.u.c.
807 680 885 712 706.

228 770 319 809 Etsi
353 784 457 810 unus
493 784 545 810 ex
579 772 766 810 omnibus
800 775 968 810 minime
1002 786 1093 811 sum
1127 771 1181 812 ad
1213 778 1258 812 te
1292 765 1387 822 061}-

177 825 391 863 solandum
411 826 755 872 accommodatus,
775 827 886 877 quod
904 832 1069 865 tantum
1089 841 1141 865 ex
1160 829 1242 867 tuis
1260 823 1387 866 mole-

176 882 265 917 stiis
285 882 375 931 cepi
390 880 552 926 doloris,
568 886 615 918 ut
632 880 908 919 consolatione
925 883 1012 932 ipse
1031 894 1213 933 egerem,
1228 887 1387 933 tamen,

177 947 270 972 cum
290 933 450 986 longius
471 948 496 972 a
515 937 663 973 summi
682 935 816 974 luctus
837 936 1064 974 acerbitate
1084 949 1201 974 meus
1221 935 1387 975 abesset

177 987 306 1035 dolor,
331 1001 456 1039 quam
480 994 590 1035 tuus,
616 992 744 1027 statui
769 995 933 1028 nostrae
959 990 1270 1028 necessitudinis
1296 1002 1386 1041 esse

176 1055 380 1093 meaeque
396 1045 439 1080 in
456 1048 500 1081 te
517 1043 846 1090 benevolentiae,
863 1058 945 1082 non
962 1050 1100 1083 tacere
1117 1049 1237 1083 tanto
1253 1047 1297 1082 in
1311 1048 1386 1084 tuo

176 1109 363 1135 maerore
380 1097 554 1143 tamdiu,
572 1097 646 1135 sed
664 1097 859 1136 adhibere
877 1098 1056 1150 aliquam
1073 1098 1275 1137 modicam
1292 1111 1386 1138 con-

178 1150 436 1196 solationem,
473 1164 580 1203 quae
615 1151 752 1190 levare
789 1152 971 1191 dolorem
1007 1158 1127 1191 tuum
1162 1158 1316 1204 posset,
1352 1155 1386 1191 si

178 1208 311 1243 minus
338 1219 482 1244 sanare
507 1209 725 1256 potuisset.
778 1206 855 1245 Est
880 1212 1022 1245 autem
1047 1207 1271 1246 consolatio
1294 1219 1387 1262 per-

178 1259 347 1310 vulgata
377 1260 543 1311 quidem
575 1259 643 1298 illa
673 1264 867 1307 maxime,
897 1275 1021 1312 quam
1052 1274 1215 1312 semper
1243 1263 1286 1300 in
1316 1262 1386 1303 ore

179 1319 306 1364 atque
323 1316 365 1351 in
384 1317 519 1352 animo
537 1314 689 1352 habere
708 1315 921 1362 debemus,
938 1315 1123 1354 homines
1140 1328 1213 1354 nos
1232 1321 1279 1354 ut
1297 1327 1386 1354 esse

178 1370 484 1406 meminerimus
501 1381 551 1406 ea
564 1368 658 1420 lege
674 1375 807 1415 natos,
823 1375 871 1408 ut
885 1370 1073 1408 omnibus
1087 1369 1181 1408 telis
1196 1369 1387 1408 fortunae

177 1425 388 1473 proposita
401 1426 455 1461 sit
469 1426 554 1461 vita
567 1429 720 1470 nostra,
735 1437 870 1475 neque
886 1437 975 1462 esse
989 1423 1274 1471 recusandum,
1288 1436 1388 1476 quo-

178 1479 312 1515 minus
335 1490 398 1523 ea,
421 1490 503 1528 qua
523 1480 611 1516 nati
633 1491 786 1524 sumuS,
808 1478 1042 1516 conditione
1064 1481 1261 1525 vivamus,
1282 1490 1386 1518 neve

179 1536 266 1569 tam
292 1533 473 1582 graviter
499 1544 569 1570 eos
595 1545 711 1572 casus
737 1531 930 1579 feramus,
958 1546 1059 1584 quos
1085 1532 1196 1571 nullo
1221 1531 1387 1572 consilio

179 1588 310 1623 vitare
333 1599 562 1636 possumus,
588 1589 829 1637 eventisque
855 1586 1025 1625 aliorum
1050 1589 1247 1625 memoria
1270 1599 1388 1638 repe-

180 1639 330 1685 tendis,
353 1638 453 1677 nihil
475 1640 667 1678 accidisse
690 1641 806 1679 nobis
829 1643 922 1679 novi
945 1644 1188 1693 cogitemus.
1240 1640 1387 1692 Neque

179 1693 257 1731 hae
276 1707 412 1745 neque
431 1700 595 1733 ceterae
614 1694 925 1741 consolationes,
945 1708 1051 1746 quae
1070 1701 1167 1734 sunt
1185 1708 1210 1733 a
1228 1697 1388 1746 sapien-

179 1750 344 1786 tissimis
381 1750 474 1786 viris
511 1755 733 1800 usurpatae
770 1752 1075 1801 memoriaeque
1110 1749 1259 1789 litteris
1295 1762 1387 1801 pro—

228 1886 244 1902 ‘¹
269 1881 301 1915 It
318 1883 346 1914 is
363 1883 548 1915 uncertain
566 1881 661 1914 what
677 1881 791 1915 Titius
807 1882 878 1915 this
894 1893 966 1915 was
981 1895 990 1919 ;
1022 1885 1116 1916 most
1156 1881 1309 1924 robably
1326 1881 1387 1916 the

184 1924 225 1957 T.
238 1925 352 1958 Titius
362 1928 399 1958 to
410 1926 527 1958 whom
546 1925 614 1982 Eg).
627 1926 718 1958 lxxv.
733 1927 769 1958 in
790 1925 892 1958 Book
910 1925 1018 1958 XIII.
1034 1927 1064 1959 is
1075 1925 1122 1959 ad
1150 1924 1280 1959 ressed.
1327 1925 1386 1959 He

185 1968 255 2000 had
293 1968 382 2001 been
421 1968 582 2012 Pompey
595 1978 613 2002 s
650 1968 785 2011 leyatus
821 1968 893 2002 and
931 1967 1152 2004 entertained
1189 1968 1312 2003 Cicero
1346 1971 1386 2002 at

185 2012 353 2053 Anagnia
370 2013 406 2045 in
424 2014 480 2046 56.

186 2067 265 2108 890
