1442 2392
644 167 848 206 CICERO

697 386 782 440 ,xv

446 506 493 534 M.
520 508 559 534 Τ.
586 509 621 535 C.
649 509 683 535 S.
710 509 751 535 D.
778 510 842 536 CN.
870 509 1037 537 PLANCIO

558 600 707 640 Romae,
725 611 832 634 ΛΑΜ).
851 603 929 634 708.

91 697 109 732 l
191 692 345 744 Accepi
379 694 598 745 perbreves
636 700 729 733 tuas
768 695 941 742 litteras,
975 697 1123 748 quibus
1155 697 1198 737 id
1235 697 1345 750 quod

137 769 238 805 scire
251 768 483 818 cupiebam,
497 781 743 819 cognoscere
759 782 840 807 non
852 772 969 820 potui
983 783 993 816 ;
1017 774 1188 822 cognovi
1203 778 1344 811 autem

135 840 178 878 id
201 841 311 891 quod
330 840 429 879 mihi
452 841 622 880 dubium
646 855 727 880 non
749 841 842 881 fuit.
897 843 1018 890 Nam,
1038 858 1162 896 quam
1181 844 1346 884 fortiter

136 913 264 952 ferres
288 928 524 953 communes
548 918 745 961 miserias,
770 929 852 954 non
874 917 1090 964 intellexi;
1128 931 1253 970 quam
1276 932 1345 958 me

136 1000 309 1034 amares,
333 987 452 1026 facile
477 992 698 1039 perspexi3
737 990 811 1028 sed
836 989 912 1029 hoc
935 991 1128 1030 sciebam.
1179 992 1286 1031 Illud
1311 995 1344 1032 si

136 1064 316 1108 scissem,
363 1062 417 1100 ad
462 1062 505 1100 id
551 1076 665 1101 meas
711 1063 871 1102 litteras
919 1065 1343 1105 accommodavissem.

88 1139 109 1172 2
137 1134 219 1173 Sed
243 1138 466 1174 tamenetsi
490 1141 616 1174 antea
644 1139 798 1187 scripsi,
823 1150 930 1189 quae
964 1141 1194 1177 existimavi
1223 1140 1344 1179 scribi

135 1214 340 1259 oportere,
371 1214 513 1247 tamen
546 1209 622 1248 hoc
653 1215 842 1261 tempore
871 1211 1053 1250 breviter
1083 1226 1344 1253 commonen—

136 1282 234 1320 dum
260 1285 416 1333 putavi,
436 1296 489 1321 ne
515 1296 596 1334 quo
621 1284 802 1334 periculo
827 1290 871 1322 te
896 1288 1060 1336 proprio
1086 1289 1343 1326 existimares

135 1369 225 1394 esse
243 1367 254 1401 ;
281 1358 324 1393 in
338 1369 488 1407 magno
502 1369 658 1402 omnes,
672 1357 747 1395 sed
760 1363 902 1396 tamen
914 1360 957 1396 in
971 1362 1176 1398 communi
1189 1374 1342 1400 sumus.

135 1428 273 1476 Quare
304 1443 386 1467 non
415 1429 543 1468 debes
574 1436 647 1468 aut
675 1433 881 1481 propriam
911 1431 1119 1471 fortunam
1149 1447 1198 1492 ac
1225 1447 1343 1485 prae-

135 1505 297 1553 cipuam
331 1503 540 1553 postulare
576 1509 649 1542 aut
683 1518 943 1543 communem
976 1519 1180 1546 recusare.
1233 1507 1343 1556 Qua-

133 1582 303 1627 propter
346 1590 395 1615 eo
438 1580 575 1615 animo
616 1580 742 1616 simus
781 1581 890 1616 inter
932 1593 1019 1626 nos,
1062 1594 1145 1632 quo
1179 1594 1343 1633 semper

134 1648 299 1688 fuimus.
368 1649 490 1699 Quod
530 1651 582 1690 de
624 1657 669 1690 te
714 1664 894 1703 sperare,
931 1652 984 1692 de
1025 1667 1093 1692 me
1126 1661 1340 1705 praestare

133 1737 311 1775 possum.

139 2125 217 2160 318
