1442 2392
660 157 864 196 CICERO

157 267 213 304 ibi
239 266 485 315 consumpsi,
511 269 559 302 ut
584 277 678 301 cum
705 276 754 301 eo
781 276 928 302 essem.
982 262 1152 302 Postero
1177 263 1245 302 die
1271 277 1365 306 cum

158 321 211 358 ab
236 333 285 358 eo
309 319 514 371 digressus
539 331 671 357 essem
697 331 746 356 eo
769 317 950 363 consilio,
974 323 1023 356 ut
1046 318 1099 356 ab
1123 317 1299 357 Athenis
1322 320 1369 358 in

158 374 371 412 Boeotiam
406 376 523 418 irem,
558 372 841 423 reliquamque
877 371 1199 411 iurisdictionem
1235 372 1367 413 absol-

158 442 311 474 verem,
332 428 415 474 ille,
438 433 486 466 ut
504 428 657 472 aiebat,
677 425 769 475 ὑπὲρ
789 425 949 466 Μαλέας
973 429 1016 464 in
1039 425 1204 465 Italiam
1226 432 1366 467 versus

158 486 424 534 navigaturus
446 487 550 520 erat.
604 480 703 519 Post
723 481 834 519 diem
855 483 1027 519 tertium
1049 483 1135 519 eius
1156 481 1253 527 diei,
1274 495 1366 520 cum

159 538 211 575 ab
231 536 407 575 Athenis
425 536 623 587 proficisci
642 538 685 573 in
705 537 840 573 animo
859 534 1070 581 haberem,
1089 537 1251 574 circiter
1269 535 1369 574 hora

159 592 319 630 decima
346 593 476 629 noctis
505 589 550 628 P.
580 589 826 635 Postumius,
854 588 1063 628 familiaris
1091 592 1193 636 eius,
1221 589 1274 628 ad
1300 603 1368 629 me

160 649 273 684 venit
311 651 355 683 et
391 644 490 683 mihi
528 646 734 682 nuntiavit
772 643 833 682 M.
873 643 1131 689 Marcellum,
1168 643 1367 695 collegam

160 706 359 745 nostrum,
387 705 482 750 post
517 711 670 737 coenae
699 704 864 749 tempus
897 711 922 736 a
954 697 1001 737 P.
1031 697 1174 750 Magio
1212 697 1368 745 Cilone,

156 754 356 793 familiare
373 756 474 799 eius,
488 756 668 805 pugione
683 765 921 804 percussum
936 765 1027 791 esse
1043 758 1087 791 et
1102 752 1184 791 duo
1200 752 1368 792 vulnera

158 812 377 859 accepisse,
404 822 531 846 unum
555 811 599 845 in
623 806 842 851 stomacho,
874 806 1050 845 alterum
1074 809 1118 844 in
1142 809 1278 858 capite
1303 820 1368 846 se-

158 863 337 901 cundum
352 875 493 900 aurem
512 874 522 907 ;
550 874 715 913 sperare
729 867 872 900 tamen
885 874 944 907 se,
959 873 1055 900 eum
1069 863 1204 900 vivere
1218 874 1339 912 posse
1355 873 1368 908 ς

157 918 346 969 Magium
369 920 548 967 seipsum
570 915 824 954 interfecisse
847 920 1017 966 postea3
1043 927 1088 954 se
1115 927 1140 953 a
1167 914 1366 954 Marcello

156 972 209 1011 ad
224 985 292 1010 me
308 974 476 1009 missum
493 984 597 1016 esse,
614 973 684 1021 qui
701 970 803 1008 haec
818 972 1031 1008 nuntiaret
1046 975 1092 1008 et
1106 975 1286 1021 rogaret,
1303 972 1366 1009 uti

154 1026 333 1065 medicos
357 1038 562 1076 cogerem.
617 1025 743 1075 Coegi
769 1030 813 1062 et
838 1037 861 1063 e
886 1026 1060 1075 vestigio
1084 1036 1134 1062 eo
1158 1037 1249 1063 sum
1272 1037 1366 1075 pro-

154 1080 287 1119 fectus
318 1083 451 1131 prima
480 1079 585 1117 luce.
639 1078 742 1117 Cum
772 1092 854 1117 non
881 1078 1004 1130 longe
1036 1091 1062 1116 a
1092 1077 1263 1117 Piraeeo
1294 1078 1365 1119 ab-

154 1148 301 1181 essem,
326 1148 430 1185 puer
454 1133 615 1172 Acidini
640 1134 802 1171 obviam
826 1132 925 1170 mihi
949 1134 1063 1171 venit
1086 1146 1180 1171 cum
1203 1131 1365 1171 codicil-

152 1189 214 1235 lis,
238 1192 280 1227 in
304 1189 451 1240 quibus
476 1194 566 1226 erat
589 1190 786 1238 scriptum
808 1186 946 1238 paullo
970 1192 1068 1225 ante
1091 1186 1225 1225 lucem
1250 1187 1363 1226 Mar-

152 1244 300 1282 cellum
332 1243 442 1281 diem
475 1256 594 1280 suum
626 1242 788 1280 obiisse.
842 1241 910 1279 Ita
942 1243 1002 1279 vir
1032 1240 1276 1279 clarissimus
1310 1241 1363 1280 ab

153 1298 316 1336 homine
333 1299 572 1335 taeterrimo
588 1296 848 1334 acerbissima
862 1301 994 1333 morte
1011 1301 1075 1333 est
1089 1294 1259 1334 affectus
1278 1307 1288 1340 3
1304 1301 1362 1342 et,

150 1355 214 1390 cui
235 1354 386 1390 inimici
407 1356 576 1402 propter
596 1350 844 1401 dignitatem
864 1355 1151 1400 pepercerant,
1170 1351 1361 1389 inventus

102 1412 123 1446 3
151 1412 216 1445 est
251 1409 418 1451 amicus,
455 1407 524 1456 qui
560 1410 737 1443 mortem
774 1403 952 1442 afferret.
1005 1403 1095 1455 Ego
1130 1409 1272 1442 tamen
1308 1403 1361 1443 ad

151 1460 462 1499 tabernaculum
488 1462 573 1497 eius
598 1461 774 1509 perrexi.
830 1457 973 1496 Inveni
997 1457 1098 1496 duos
1123 1457 1291 1497 libertos
1316 1463 1361 1497 et

148 1515 343 1566 pauculos
369 1526 534 1558 servos3
575 1513 752 1564 reliquos
779 1513 947 1550 aiebant
972 1511 1216 1564 profugisse,
1242 1518 1359 1551 metu

149 1572 403 1620 perterritos,
425 1568 535 1619 quod
556 1568 743 1605 dominus
766 1580 907 1604 eorum
929 1572 1026 1604 ante
1048 1566 1359 1606 tabernaculum

148 1623 391 1662 interfectus
409 1628 534 1660 esset.
588 1621 763 1660 Coactus
781 1635 871 1660 sum
889 1623 931 1658 in
949 1620 1095 1659 eadem
1112 1620 1182 1659 illa
1197 1620 1358 1665 lectica,

149 1692 230 1729 qua
252 1681 339 1728 ipse
361 1676 523 1715 delatus
546 1689 672 1721 eram,
694 1678 878 1726 meisque
900 1674 1116 1714 lecticariis
1146 1677 1188 1712 in
1217 1674 1361 1712 urbem

196 1811 212 1828 ⁶
234 1806 310 1839 The
327 1805 411 1839 S.E.
428 1806 663 1847 promontory
680 1802 720 1836 of
733 1802 903 1836 Laconia.

200 1848 214 1870 δ
241 1849 364 1882 About
379 1851 401 1882 3
418 1859 498 1881 ΑΜ.
818 1851 831 1868 ⁰
853 1845 921 1880 See
936 1849 1020 1880 note
1034 1858 1052 1879 c
1067 1856 1114 1879 on
1157 1870 1166 1879 .
1182 1848 1262 1880 300.

197 1894 212 1914 ‘³
236 1892 360 1926 Cicero
373 1894 538 1934 suggests
550 1891 629 1924 that
638 1890 716 1924 Cilo
726 1889 916 1924 murdered
929 1889 1121 1923 Marcellus
1129 1856 1186 1922 por
1195 1889 1329 1923 refusin

151 1939 188 1969 to
212 1936 294 1978 help
318 1936 393 1969 him
417 1937 454 1969 in
477 1945 577 1968 some
600 1945 731 1976 money
753 1933 965 1967 difficulties.
1016 1933 1110 1967 Both
1133 1931 1258 1966 Cicero
1280 1943 1328 1966 an

153 1980 285 2012 Brutus
302 1978 430 2013 denied
447 1978 526 2011 that
541 1977 619 2012 Cilo
636 1977 706 2010 had
724 1977 812 2010 been
830 1976 1022 2019 instigated
1038 1976 1089 2018 by
1105 1975 1248 2010 Caesar.

199 2028 211 2043 ⁶
235 2022 336 2065 They
359 2033 450 2055 were
472 2021 587 2055 afraid
612 2021 653 2054 of
674 2021 783 2063 being
804 2019 993 2063 punished,
1017 2019 1129 2053 either
1150 2029 1191 2052 as
1212 2028 1354 2053 accom⁴

151 2065 271 2110 plices,
289 2077 328 2099 or
344 2066 496 2099 because
511 2065 597 2107 they
614 2064 683 2097 had
702 2067 764 2097 not
779 2063 956 2098 defended
973 2063 1065 2097 their
1080 2065 1224 2096 master.

167 2123 245 2157 302
