1442 2392
671 143 875 183 CICERO

166 249 386 301 persolvas.
440 249 544 288 Cum
585 251 717 300 ipsam
759 251 1037 300 cognitionem
1077 250 1174 287 iuris
1198 251 1376 301 augurii

166 322 360 372 consequi
397 322 531 371 cupio,
568 325 659 358 tum
695 319 930 358 mehercule
967 322 1049 358 tuis
1085 319 1377 359 incredibiliter

166 391 311 430 studiis
326 404 424 442 erga
437 404 504 429 me
518 391 838 443 muneribusque
852 390 1049 429 delector.
1101 389 1223 438 Quod
1235 396 1377 430 autem

167 475 193 501 a
210 475 278 500 me
298 461 382 500 tale
408 461 605 513 quiddam
631 461 854 507 desideras,
872 474 971 500 sane
996 460 1096 499 mihi
1120 460 1378 501 consideran·

167 532 266 571 dum
292 538 369 578 est,
390 545 569 583 quonam
596 537 640 570 te
665 545 904 570 remunerer
920 534 1179 583 potissimum
1197 539 1377 584 genere}

167 617 263 641 nam
292 602 479 654 profecto
508 616 591 641 non
621 608 686 641 est
714 616 869 649 meum,
898 605 969 654 qui
997 605 1041 641 in
1069 603 1284 642 scribendo
1312 602 1378 656 (ut

166 673 272 712 soles
319 673 527 726 admirari)
574 679 740 712 tantum
785 673 1012 712 industriae
1057 686 1224 725 ponam,
1268 687 1378 714 com-

166 747 349 791 mittere,
387 750 436 783 ut
470 746 515 782 in
551 744 766 783 scribendo
803 744 1029 796 neglegens
1065 743 1191 783 fuisse
1224 729 1378 793 videar,

164 818 410 867 praesertim
428 828 522 854 cum
544 815 588 853 id
611 829 693 854 non
716 815 838 853 modo
862 815 1137 867 neglegentis,
1157 815 1231 854 sed
1250 819 1377 875 etiam

165 889 318 938 ingrati
362 888 488 924 animi
531 888 686 924 crimen
729 885 915 924 futurum
958 888 1026 925 sit.
1078 885 1233 925 Verum
1275 886 1378 928 haec

165 957 409 996 videbimus.
462 956 584 1003 Illud,
596 956 715 1008 'quod
733 956 949 1008 polliceris,
968 956 1090 995 velim
1109 970 1184 1008 pro
1202 963 1278 996 tua
1295 957 1378 997 fide

166 1027 464 1080 diligentiaque
493 1033 538 1066 et
565 1041 640 1079 pro
667 1033 822 1073 nostra,
850 1041 934 1066 non
959 1030 1166 1075 instituta,
1194 1028 1268 1067 sed
1294 1022 1377 1069 iam

164 1101 398 1138 inveterata
413 1100 593 1137 amicitia
607 1111 738 1145 cures,
753 1101 927 1145 enitare,
942 1104 990 1137 ut
1003 1098 1247 1150 supplicatio
1260 1100 1377 1139 nobis

167 1183 292 1222 quam
302 1169 709 1208 honorificentissime
720 1172 1107 1222 quamprimumque
1117 1169 1375 1210 decernatur.

166 1233 486 1279 Omninoserius
498 1242 589 1278 misi
601 1240 776 1286 litteras,
789 1253 914 1292 quam
926 1239 1074 1279 vellem
1091 1253 1102 1287 ;
1129 1243 1172 1279 in
1187 1254 1269 1293 quo
1283 1255 1377 1281 cum

165 1310 381 1350 difficultas
408 1310 629 1362 navigandi
656 1309 737 1349 fuit
766 1310 920 1357 odiosa,
948 1317 1038 1349 tum
1065 1314 1109 1349 in
1134 1314 1270 1363 ipsum
1297 1310 1376 1352 dis-

164 1395 326 1421 cessum
355 1387 525 1420 senatus
551 1381 742 1420 incidisse
772 1382 895 1420 credo
925 1381 1086 1421 litteras
1112 1395 1242 1422 meas.
1292 1382 1376 1423 Sed

165 1452 208 1491 id
233 1451 313 1491 feci
339 1452 541 1491 adductus
568 1455 816 1491 auctoritate
843 1458 888 1491 et
912 1452 1079 1491 consilio
1106 1459 1208 1500 tuo3
1248 1454 1374 1507 idque

166 1536 192 1562 a
209 1536 277 1561 me
296 1528 410 1561 recte
430 1522 587 1562 factum
601 1529 718 1574 puto,
735 1522 846 1574 quod
860 1537 943 1561 non
957 1525 1114 1570 statim,
1129 1530 1177 1563 ut
1197 1525 1375 1576 appella-

166 1599 233 1632 tus
252 1596 476 1645 imperator
495 1595 585 1640 sim,
605 1593 679 1632 sed
698 1593 784 1632 aliis
803 1593 926 1632 rebus
950 1593 1100 1632 additis
1126 1598 1374 1649 aestivisque

165 1663 363 1703 confectis
390 1663 551 1703 litteras
584 1667 778 1703 miserim.
833 1664 949 1702 Haec
980 1667 1107 1716 igitur
1143 1666 1220 1705 tibi
1252 1673 1375 1707 crunt

165 1748 302 1781 curae,
318 1735 668 1787 quemadmodum
687 1735 884 1781 ostendis,
899 1748 1050 1787 meque
1069 1741 1206 1774 totum
1222 1743 1266 1776 et
1280 1751 1374 1777 mea

166 1812 211 1844 et
229 1819 342 1844 meos
362 1805 671 1844 commendatos
690 1805 875 1844 habebis.

220 1911 236 1927 ⁰
259 1906 329 1939 For
367 1907 507 1949 Appius
541 1906 613 1939 had
651 1906 797 1948 already
827 1906 1015 1940 dedicated
1054 1906 1109 1940 his
1146 1908 1288 1942 treatise
1325 1919 1373 1952 ou
1439 1937 1442 1940 Α

173 1949 338 1992 Augural
356 1950 441 1983 Law
456 1953 494 1982 to
510 1949 645 1983 Cicero.
700 1950 756 1993 Cf.
774 1951 821 1983 iii.
839 1953 871 1983 4.
893 1953 922 1983 1.

221 1993 235 2013 θ
257 1993 342 2027 This
365 2004 438 2026 was
462 1994 498 2026 in
522 1992 635 2035 April,
653 1993 756 2026 when
781 1993 842 2026 the
861 1993 991 2027 Senate
1013 1993 1101 2026 used
1124 1993 1223 2028 often
1243 1997 1282 2029 to
1304 1997 1374 2030 riso
1440 2033 1442 2042 2

175 2037 296 2079 owing
310 2040 347 2070 to
363 2037 422 2071 the
439 2047 631 2070 numerous
646 2036 805 2070 festivals
821 2038 857 2070 in
873 2036 951 2071 that
966 2036 1104 2071 month.

173 2092 198 2127 2
206 2093 220 2126 l
228 2093 253 2126 4
