1442 2392
685 145 889 185 CICERO

184 269 229 303 et
247 264 300 302 ab
319 265 486 301 armatis
505 261 690 300 hostibus
710 267 754 300 et
773 262 825 299 ab
844 261 1005 300 occulta
1022 264 1301 300 coniuratione
1319 262 1388 301 de-

182 317 374 357 fenderes
392 329 402 362 ;
434 323 561 368 atque
579 316 685 354 hanc
702 321 884 354 nostram
901 318 1009 354 tanti
1028 322 1072 355 et
1088 322 1176 356 tam
1192 316 1389 368 praeclari

183 375 363 411 muneris
387 374 630 410 societatem
655 384 680 409 a
702 373 784 409 tuis
807 373 1045 422 propinquis
1067 370 1390 418 labefactatamj;

185 430 269 478 qui,
289 441 382 465 cum
404 432 452 465 tu
479 431 503 464 a
529 439 596 464 me
618 425 740 464 rebus
767 425 1024 476 amplissimis
1050 430 1178 478 atque
1203 425 1392 464 honorifi-

184 483 428 521 centissimis
455 486 623 519 ornatus
651 493 775 525 esses,
802 482 1051 526 timuissent,
1077 493 1130 518 ne
1159 493 1266 532 quae
1292 479 1392 534 mihi

185 550 279 587 pars
319 536 391 573 abs
430 541 474 573 te
514 535 737 573 voluntatis
775 540 946 572 mutuae
984 534 1251 574 tribueretur.
1302 534 1393 574 Hoc

185 593 229 629 in
257 602 445 629 sermone
473 603 566 628 cum
596 602 622 627 a
649 602 716 627 me
745 594 1037 640 exponeretur,
1065 602 1173 640 quae
1200 602 1295 628 mea
1323 595 1411 628 ex·‘

186 647 389 696 spectatio
413 643 560 682 fuisset
583 646 777 682 orationis
802 649 901 681 tuae
927 649 1166 695 quantoque
1190 646 1234 682 in
1258 655 1393 683 errore

187 705 372 738 versatus
410 711 558 744 essem,
587 701 672 736 visa
708 703 772 736 est
809 700 939 736 oratio
977 711 1059 736 non
1086 698 1322 745 iniucunda,
1350 704 1395 737 et

186 754 402 792 mediocris
420 753 587 804 quidam
607 758 671 791 est
689 755 790 790 risus
809 758 1067 799 consecutus,
1084 766 1167 791 non
1183 755 1227 791 in
1245 758 1304 799 te,
1321 753 1396 792 sed

187 811 318 860 magis
341 811 383 845 in
406 821 585 845 errorem
607 820 761 852 meum,
785 813 828 845 et
851 806 962 858 quod
983 820 1050 845 me
1074 807 1146 846 abs
1169 812 1213 846 te
1236 810 1395 858 cupisse

187 863 345 901 laudari
373 867 517 913 aperte
547 867 674 912 atque
701 863 881 912 ingenue
909 861 1150 900 confitebar.
1202 861 1292 900 Iam
1319 861 1396 901 hoc

188 931 271 955 non
295 922 436 967 potest
459 919 503 954 in
528 921 572 954 te
598 929 681 954 non
705 915 925 953 honorifice
951 928 1041 954 esse
1066 915 1238 962 dictum,
1261 928 1330 955 me
1352 918 1398 955 in

188 971 418 1010 clarissimis
428 973 531 1008 meis
543 976 670 1022 atque
683 969 939 1020 amplissimis
950 970 1073 1008 rebus
1079 975 1222 1008 tamen
1233 969 1399 1022 aliquod

188 1028 472 1064 testimonium
488 1031 587 1063 tuae
604 1027 711 1062 vocis
728 1023 882 1063 habere
898 1024 1086 1063 voluisse.
1118 1024 1241 1072 Quod
1256 1030 1398 1064 autem

189 1083 250 1118 ita
287 1081 441 1125 scribis,
464 1091 538 1131 pro
574 1083 700 1117 mutuo
735 1078 831 1116 inter
860 1091 929 1117 nos
956 1077 1096 1125 animo,
1124 1079 1224 1130 quid
1251 1085 1299 1118 tu
1328 1092 1399 1118 ex-

189 1137 346 1173 istimes
375 1146 464 1172 esse
491 1136 534 1171 in
561 1135 741 1171 amicitia
766 1139 973 1179 mutuum,
999 1135 1164 1180 nescio;
1205 1132 1398 1185 equidem

190 1188 267 1227 hoc
289 1189 476 1234 arbitror,
498 1202 590 1226 cum
611 1201 686 1239 par
706 1187 894 1226 voluntas
917 1190 1113 1238 accipitur
1134 1193 1180 1226 et
1198 1188 1397 1227 redditur.

191 1243 296 1294 Ego,
317 1246 350 1281 si
372 1242 448 1281 hoc
469 1242 617 1288 dicam,
638 1255 706 1279 me
727 1247 800 1280 tua
822 1255 944 1280 causa
965 1244 1287 1292 praetermisisse
1307 1255 1399 1294 pro-

193 1300 379 1342 vinciam,
407 1297 484 1335 tibi
520 1299 609 1347 ipse
640 1296 768 1334 levior
807 1296 947 1334 videar
976 1309 1094 1342 esse3
1136 1309 1256 1335 meae
1289 1296 1399 1335 enim

190 1354 371 1390 rationes
392 1354 453 1390 ita
473 1351 660 1389 tulerunt
682 1356 808 1402 atque
831 1353 917 1388 eius
939 1353 1022 1388 mei
1042 1350 1183 1389 consili
1202 1353 1399 1390 maiorem

191 1409 235 1444 in
254 1406 342 1444 dies
362 1405 542 1457 singulos
562 1404 742 1443 fructum
761 1404 1102 1456 voluptatemque
1122 1407 1252 1456 capio.
1293 1404 1401 1444 Illud

192 1460 297 1506 dico,
332 1473 414 1506 me,
449 1465 497 1498 ut
530 1462 708 1510 primum
742 1461 784 1496 in
819 1461 1009 1497 contione
1046 1461 1295 1510 provinciam
1329 1459 1400 1499 de-

192 1517 413 1566 posuerim,
431 1516 587 1560 statim,
606 1513 954 1565 quemadmodum
973 1526 1066 1551 eam
1083 1514 1160 1552 tibi
1178 1514 1401 1561 traderem,

193 1572 375 1622 cogitare
404 1571 601 1620 coepisse.
655 1567 765 1605 Nihil
793 1567 883 1606 dico
912 1568 965 1606 de
994 1570 1207 1607 sortitione
1235 1573 1400 1616 vestra;

247 1735 263 1752 ⁰
285 1730 338 1765 Or
369 1734 391 1749 ‘⁶
403 1730 540 1764 waived
573 1741 635 1773 my
673 1729 780 1763 claim
818 1732 856 1763 to
891 1740 914 1762 a
951 1729 1157 1772 province.”
1218 1729 1294 1763 The
1330 1733 1401 1764 two

205 1775 390 1818 provinces
407 1777 444 1807 to
459 1774 505 1807 be
520 1773 776 1807 administered
794 1773 843 1815 by
859 1773 919 1806 the
934 1773 1076 1807 consuls
1094 1774 1151 1807 for
1166 1775 1211 1807 63
1228 1784 1294 1807 mc.
1311 1785 1402 1808 were

207 1829 227 1850 a
246 1817 421 1894 lparegthy
446 1817 762 1894 MafiedoniaAand
790 1816 909 1869 Gallia
936 1816 1131 1893 Clisalpinffi.
1177 1816 1303 1894 §dicero
1325 1817 1402 1853 first

208 1872 341 1938 ἓτὴῖἶέ.
359 1871 645 1943 ευὶῗιῗὲεῗὲῗξ
655 1863 1112 1947 2),¹¹‡?13¹¹t²fief2⁰r{²n833eoed
1130 1871 1183 1937 ΕΞ
1200 1861 1402 1939 0332&

208 1948 381 2026 tqugggltia
398 1948 595 1991 Cisalpina,
608 1947 724 1981 which
741 1958 813 1980 was
828 1947 974 1980 allotted
991 1951 1028 1980 to
1043 1946 1089 1988 Q.
1107 1946 1272 1981 Metellus
1289 1946 1401 1983 Celer.

253 2035 267 2054 ⁰
293 2036 372 2077 Ipse
389 2045 502 2068 seems
518 2037 555 2068 to
570 2037 718 2078 suggest
735 2034 755 2048 “
771 2044 812 2067 as
830 2034 845 2068 1
862 2034 1034 2077 certainly
1052 2033 1156 2068 think
1171 2045 1241 2087 you
1257 2033 1355 2069 are-'⁹

208 2090 286 2126 824
