1442 2392
644 127 848 167 CICERO

94 236 115 268 3
141 230 225 268 lere
245 232 326 268 iam
346 229 487 276 debet,
508 236 634 281 atque
654 234 791 268 omnia
809 233 974 270 minoris
994 234 1212 270 aestimare
1229 231 1247 270 ?
1284 231 1349 270 An

140 292 246 330 illius
266 295 410 339 vicem,
425 293 558 339 cedo,1
574 293 686 331 doles
702 294 717 330 ?
771 293 944 341 Quoties
963 296 1006 331 in
1025 307 1118 332 eam
1137 297 1350 346 cogitatio-

141 369 237 393 nem
253 368 420 394 necesse
438 361 502 394 est
519 361 563 394 et
579 361 625 394 tu
643 359 816 402 veneris,
833 362 878 395 et
894 370 966 395 nos
982 369 1107 408 saepe
1123 357 1351 404 incidimus,

142 417 251 456 hisce
281 419 536 469 temporibus
565 432 646 456 non
675 422 851 469 pessime
881 433 974 458 cum
1002 422 1050 458 iis
1080 432 1170 458 esse
1199 426 1351 467 actum,

141 481 288 532 quibus
308 483 395 518 sine
415 480 554 519 dolore
573 481 730 519 licitum
750 487 814 521 est
833 488 1009 520 mortem
1029 496 1122 520 cum
1141 485 1226 522 vita
1244 497 1352 522 com-

140 549 302 581 mutare
321 544 336 581 ?
391 543 501 591 Quid
523 549 664 582 autem
685 543 778 590 fuit,
801 545 911 595 quod
932 544 1043 583 illam
1065 545 1141 584 hoc
1162 551 1350 598 tempore

141 606 195 643 ad
210 605 428 644 vivendum
444 620 595 658 magno
610 620 734 657 opere
750 610 924 646 invitare
939 613 1080 658 posset
1097 609 1114 646 ?
1130 622 1237 660 quae
1253 622 1318 648 res
1334 609 1350 648 ?

141 682 248 720 quae
277 669 404 719 spes?
434 669 544 720 quod
573 673 697 708 animi
726 670 950 709 solatium?
1005 670 1066 710 Ut
1094 685 1187 710 cum
1216 671 1352 724 aliquo

142 731 404 770 adolescente
443 735 635 782 primario
673 736 891 772 coniuncta
930 739 1114 772 aetatem
1152 735 1351 786 gereret?

143 793 321 832 Licitum
335 800 399 832 est
414 795 504 840 tibi,
517 794 652 840 credo,
664 809 738 845 pro
754 801 827 834 tua
839 795 1044 847 dignitate
1057 809 1108 835 ex
1125 795 1201 835 hac
1212 799 1353 839 iuven-

141 861 234 894 tute
251 869 451 907 generum
468 856 663 908 deligere,
680 860 793 896 cuius
810 857 905 896 fidei
922 858 1070 897 liberos
1087 864 1180 898 tuos
1197 865 1240 898 te
1258 865 1352 899 tuto

142 921 401 956 committere
414 924 582 969 putares
602 919 610 957 !
638 919 704 957 An
718 926 766 958 ut
779 933 829 958 ea
841 920 989 960 liberos
1004 934 1056 959 ex
1069 935 1159 960 sese
1171 928 1352 973 pareret,

143 994 244 1032 quos
269 994 396 1032 quum
420 980 614 1020 florentes
640 982 812 1028 videret,
837 982 1096 1022 laetaretur?
1122 987 1192 1036 qui
1216 999 1304 1024 rem
1327 999 1352 1025 a

142 1048 315 1094 parente
349 1043 546 1082 traditam
579 1058 654 1095 per
686 1058 730 1083 se
764 1051 908 1084 tenere
942 1052 1112 1097 possent
1129 1047 1145 1085 ?
1179 1046 1352 1087 honores
1380 1034 1391 1045 ⁹

142 1105 362 1143 ordinatim
387 1109 558 1156 petituri
583 1113 735 1153 essent,
755 1110 797 1145 in
820 1108 1043 1159 republica,
1065 1111 1108 1147 in
1131 1112 1352 1149 amicorum

144 1171 337 1219 negotiis,
349 1168 543 1207 libertate
557 1183 630 1207 sua
646 1170 804 1209 usuri2?
857 1171 966 1219 Quid
979 1171 1123 1210 horum
1136 1170 1230 1220 fuit,
1242 1169 1352 1225 quod

143 1244 225 1269 non
252 1233 378 1281 prius,
406 1244 530 1283 quam
558 1232 702 1270 datum
731 1239 855 1279 esset,
884 1234 1125 1285 ademptum
1153 1236 1240 1274 sit?
1293 1235 1353 1276 At

143 1307 239 1332 vero
254 1293 407 1331 malurn
423 1300 487 1332 est
500 1294 649 1333 liberos
665 1299 886 1334 amittere.·
927 1296 1087 1336 Malum
1105 1309 1116 1344 ;
1145 1300 1221 1337 nisi
1236 1291 1352 1350 peius

95 1361 117 1393 4
143 1358 210 1401 sit,
225 1356 326 1394 haec
339 1355 507 1394 sufferre
521 1363 565 1395 et
578 1360 755 1408 perpeti.
782 1359 899 1406 Quae
914 1372 977 1398 res
991 1359 1091 1398 mihi
1104 1373 1186 1399 non
1198 1361 1352 1401 medio-

143 1431 254 1456 crem
278 1418 598 1457 consolationem
623 1420 779 1466 attulit,
804 1421 894 1459 volo
918 1422 994 1460 tibi
1018 1435 1352 1471 commemorare,

143 1482 176 1519 si
198 1479 305 1519 forte
329 1481 475 1519 eadem
497 1494 562 1520 res
584 1482 660 1520 tibi
682 1485 866 1522 minuere
889 1483 1070 1523 dolorem
1091 1487 1234 1536 possit.
1287 1485 1351 1525 Ex

143 1542 243 1580 Asia
266 1543 429 1581 rediens
453 1557 546 1581 cum
571 1545 624 1582 ab
648 1544 810 1595 Aegina
836 1545 1053 1597 Megaram
1078 1548 1217 1586 versus
1241 1551 1352 1587 navi·
1411 1542 1416 1549 ”

142 1618 299 1656 garem,
323 1607 439 1655 coepi
463 1609 651 1657 regiones
674 1610 932 1647 circumcirca
955 1611 1200 1660 prospicere.
1254 1609 1352 1651 Post

143 1679 211 1706 me
250 1673 340 1706 erat
378 1668 554 1719 Aegina,
593 1674 691 1708 ante
731 1669 919 1722 Megara,
957 1671 1106 1710 dextra
1145 1671 1349 1720 Piraeeus.

159 1757 175 1781 ²
201 1758 369 1801 Tyrrell’s
386 1759 497 1792 elever
512 1759 732 1793 emendation
747 1773 756 1794 ι
781 1759 887 1793 credo
903 1761 1002 1794 codd.
1018 1775 1027 1795 2
1053 1761 1178 1796 Cicero
1198 1762 1342 1799 Mum-o.

427 1803 440 1823 ²
471 1803 695 1846 Wesenbery:
720 1807 903 1837 uterentur
918 1804 1073 1839 Ernesti.

195 1917 211 1932 ¹²
235 1911 326 1946 Reid
355 1911 459 1946 takes
487 1913 614 1946 callere
642 1924 681 1946 as
710 1915 880 1956 meaning
910 1913 931 1928 “
947 1917 984 1948 to
1012 1914 1058 1948 be
1086 1915 1207 1956 wise,”
1236 1890 1351 1952 which

148 1956 320 1999 certainly
337 1955 394 1990 fits
411 1957 446 1990 in
463 1956 577 1990 better
593 1957 677 1990 with
694 1957 754 1990 the
772 1957 886 1991 words
904 1957 982 1991 that
998 1958 1128 1992 follow.

197 1999 210 2020 ⁶
235 2000 305 2033 For
322 2000 390 2034 this
408 2000 597 2043 rendering
615 2000 630 2033 Ι
649 2012 709 2034 am
727 2000 894 2035 indebted
912 2004 949 2035 to
966 2002 1030 2036 Dr.
1049 2001 1180 2038 Rouse.

146 2056 223 2094 270
