1442 2392
702 158 906 198 CICERO

206 263 274 313 qui
306 261 396 313 plus
428 263 587 314 opibus,
619 265 755 308 armis,
786 265 975 314 potentia
1005 262 1159 309 valent,
1189 261 1411 315 profecisse

207 338 372 371 tantum
402 332 502 370 mihi
533 333 724 371 videntur
755 333 931 372 stultitia
962 339 1006 372 et
1035 335 1318 373 inconstantia
1341 333 1411 373 ad*

206 405 486 450 versariorum,
508 409 557 442 ut
578 406 705 442 etiam
728 406 974 443 auctoritate
995 407 1078 442 iam
1099 404 1189 456 plus
1211 397 1410 462 valereph.

207 474 369 525 Itaque,
407 477 620 525 perpaucis
659 474 984 521 adversantibus,
1021 477 1171 521 omnia,
1210 487 1316 527 quae
1357 487 1410 515 ne

205 557 279 595 per
300 544 496 596 populum
519 545 685 596 quidem
708 548 795 583 sine
818 545 1018 584 seditione
1041 559 1085 584 se
1108 548 1270 597 assequi
1292 551 1410 597 posse

205 616 524 662 arbitrabantur,
559 629 634 667 per
669 622 860 655 senatum
895 619 1103 655 consecuti
1139 622 1263 664 sunt;
1300 611 1411 666 nam

205 692 249 725 et
266 687 517 737 stipendium
536 686 699 725 Caesari
717 687 930 726 decretum
949 694 1026 733 est,
1045 693 1090 726 et
1106 686 1410 740 decem'legefi,

205 763 263 803 et,
281 770 333 795 ne
352 757 445 809 lege
465 757 704 809 Sempronia
723 758 1024 804 succederetur,
1043 757 1161 797 facile
1179 756 1409 810 perfectum

205 834 282 866 est.
336 827 458 876 Quod
480 841 557 880 ego
579 828 633 866 ad
653 834 697 867 te
718 829 880 867 brevius
903 829 1047 875 scribo,
1070 831 1166 881 quia
1186 841 1254 869 me
1275 823 1409 884 status

204 898 268 936 hic
297 899 545 950 reipublicae
576 913 658 938 non
688 899 897 946 delectat3
942 901 1072 938 scribo
1102 905 1258 945 tamen,
1287 905 1336 939 ut
1363 904 1408 940 te

202 969 460 1015 admoneam,
494 970 604 1021 quod
636 972 738 1021 ipse,
770 970 919 1009 litteris
953 971 1140 1009 omnibus
1173 983 1199 1008 a
1220 971 1407 1022 ‘pueritia

202 1040 380 1086 deditus,
416 1041 666 1092 experiendo
700 1046 842 1079 tamen
876 1044 1020 1092 magis,
1055 1054 1180 1093 quam
1213 1037 1407 1080 discendo

162 1127 166 1132 ·
201 1114 385 1162 cognovi,
407 1117 468 1158 tu,
489 1114 571 1150 tuis
592 1112 714 1150 rebus
734 1114 920 1163 integris,
942 1112 1086 1158 diseas,
1107 1124 1243 1164 neque
1265 1102 1406 1166 salutis

200 1187 364 1220 nostrae
379 1185 582 1220 rationem
598 1182 831 1221 habendam
847 1183 962 1221 nobis
979 1195 1068 1221 esse
1084 1185 1171 1221 sine
1187 1183 1405 1234 dignitate5

131 1258 167 1289 ll
199 1266 333 1304 neque
373 1253 586 1304 dignitatis
624 1255 711 1291 sine
750 1253 896 1292 salute.
951 1253 1072 1301 Quod
1104 1253 1203 1292 mihi
1237 1253 1289 1292 de
1323 1240 1406 1292 fllia

202 1329 246 1361 et
279 1323 331 1362 de
366 1323 606 1375 Crassipede
635 1324 866 1376 gratularis,
896 1337 1071 1376 agnosco
1101 1320 1404 1381 humanitatem

198 1399 328 1440 tuam,
357 1408 558 1446 speroque
589 1401 633 1433 et
662 1401 774 1446 opto,
798 1396 913 1433 nobis
942 1395 1047 1433 hanc
1075 1397 1404 1434 coniunctionem

129 1470 167 1501 12
196 1465 397 1516 voluptati
439 1464 540 1504 fore.
610 1465 832 1504 Lentulum
879 1472 1064 1504 nostrum
1115 1468 1265 1504 eximia
1314 1477 1404 1518 spe,-

196 1549 380 1589 summae
406 1538 567 1575 virtutis
595 1536 912 1582 adolescentem,
939 1550 1031 1575 cum
1057 1538 1204 1575 ceteris
1231 1536 1402 1582 artibus,

196 1608 342 1658 quibus
357 1607 551 1646 studuisti
565 1621 727 1659 semper
740 1610 842 1658 ipse,
857 1613 947 1646 tum
961 1610 1003 1645 in
1017 1609 1156 1658 primis
1170 1609 1400 1646 imitatione

195 1680 256 1715 tui
288 1676 353 1715 fac
386 1678 575 1724 erudias;
622 1678 734 1716 nulla
766 1681 875 1716 enim
908 1680 987 1716 erit
1018 1678 1095 1716 hac
1125 1679 1404 1734 praestantior

194 1747 406 1799 disciplina
422 1761 433 1795 ;
466 1762 590 1800 quem
607 1762 694 1794 nos,
714 1754 757 1787 et
775 1751 871 1800 quia
887 1754 997 1794 tuus,
1016 1754 1060 1786 et
1077 1750 1173 1800 quia
1190 1753 1234 1786 te
1252 1747 1400 1800 dignus

243 1940 258 1956 ⁰
281 1935 355 1968 The
372 1936 629 1969 aristocratical
645 1939 752 1978 party
769 1937 804 1969 in
820 1936 881 1969 the
897 1935 1040 1970 Senate.

247 1978 259 1998 ¹³
285 1978 361 2011 The
371 1979 438 2011 law
449 1979 489 2012 of
496 1979 536 2012 C.
545 1979 740 2018 Gracchus,
749 1981 931 2022 rcquiring
941 1980 1001 2012 the
1011 1979 1141 2012 Senate
1151 1981 1188 2012 to
1198 1978 1399 2056 {Kecifythe

198 2023 383 2064 provinces
411 2026 449 2055 to
477 2023 521 2056 be
544 2022 724 2065 governed
754 2023 803 2065 by
826 2023 1028 2056 ex-consuls
1056 2021 1178 2056 before
1241 2033 1285 2065 ey
1309 2033 1399 2066 were

199 2065 331 2098 elected
349 2066 502 2099 consuls.
555 2066 598 2106 If,
622 2066 808 2106 therefore,
826 2067 886 2099 the
904 2065 1018 2100 Gauls
1034 2077 1124 2099 were
1145 2065 1398 2109 appropriata!

199 2122 248 2155 38
