1442 2392
223 544 293 586 M.
325 545 512 586 TULLI
543 544 865 587 CICERONIS
897 511 1385 589 EPISTULARUM-³³

538 621 624 660 AD
657 620 1040 661 FAMILIARES

589 727 758 766 LIBER
787 727 998 766 SEXTUS

786 832 804 870 I

466 931 514 958 M.
541 932 684 958 CICERO
712 932 744 959 S.
773 932 814 958 D.
841 932 880 959 A.
906 931 1119 962 TORQUATO

610 1005 760 1044 Romae,
777 1015 884 1039 A.u.c.
902 1007 981 1039 ¹709.

151 1089 168 1124 l
242 1083 332 1122 Etsi
363 1095 413 1121 ea
441 1083 699 1134 perturbatio
731 1088 796 1121 est
825 1085 1008 1121 omnium
1036 1096 1190 1128 rerum,
1219 1086 1268 1122 ut
1297 1094 1397 1123 suae

191 1150 398 1189 quemque
426 1136 617 1176 fortunae
645 1140 825 1175 maxime
852 1140 1068 1188 poeniteat
1095 1150 1301 1189 nemoque
1326 1139 1397 1186 nsit,

191 1194 291 1243 quin
307 1193 451 1238 ubivis,
469 1205 594 1243 quam
611 1192 681 1229 ubi
699 1197 776 1237 est,
795 1204 885 1230 esse
901 1191 1032 1237 malit,
1049 1196 1192 1230 tamen
1208 1190 1308 1229 mihi
1324 1191 1398 1230 du-

192 1247 306 1284 bium
320 1259 402 1284 non
417 1251 495 1291 est,
510 1248 609 1297 quin
623 1246 699 1284 hoe
714 1251 901 1297 tempore
915 1246 1023 1284 bono
1038 1248 1122 1284 viro
1138 1245 1294 1284 Romae
1309 1258 1400 1284 esse

192 1303 465 1338 miserrimum
483 1303 550 1338 sit.
605 1299 712 1338 Nam
732 1303 824 1346 etsi,
845 1313 1103 1351 quocumque
1122 1302 1165 1337 in
1184 1299 1272 1338 loco
1291 1301 1400 1351 quis-

194 1357 283 1406 quis
302 1359 380 1400 est,
396 1354 508 1393 idem
526 1359 591 1392 est
609 1357 646 1392 ei
663 1368 805 1392 sensus
825 1360 868 1392 et
887 1354 1034 1392 eadem
1050 1354 1253 1392 acerbitas
1271 1366 1324 1392 ex
1340 1356 1400 1392 in-

194 1411 322 1447 teritu
346 1421 484 1446 rerum
509 1413 554 1446 et
576 1408 831 1459 publicarum
858 1414 902 1446 et
925 1421 1104 1454 suarum,
1129 1413 1272 1447 tamen
1295 1407 1401 1446 oculi

194 1468 350 1514 augent
371 1462 567 1508 dolorem,
588 1465 658 1514 qui
680 1476 742 1508 ea,
764 1476 871 1514 quae
892 1465 1021 1501 ceteri
1041 1462 1229 1508 audiunt,
1249 1464 1401 1501 intueri

194 1522 396 1568 coguntur
412 1530 488 1555 nec
505 1523 692 1555 avertere
709 1530 734 1554 a
748 1519 920 1555 miseriis
937 1518 1232 1568 cogitationem
1247 1518 1400 1555 sinunt.

195 1571 333 1619 Quare
351 1574 429 1610 etsi
446 1571 668 1609 multarum
684 1584 822 1609 rerum
839 1570 1041 1609 desiderio
1058 1576 1103 1609 te
1119 1573 1217 1622 angi
1233 1583 1402 1609 necesse

197 1631 276 1672 est,
298 1631 440 1663 tamen
461 1625 529 1663 illo
552 1625 705 1671 dolore,
729 1638 810 1676 quo
832 1627 1011 1663 maxime
1033 1630 1078 1663 te
1101 1624 1244 1663 confici
1266 1624 1402 1670 audio,

197 1679 307 1731 quod
319 1679 474 1718 Romae
487 1693 570 1717 non
584 1682 651 1725 sis,
665 1682 847 1717 animum
860 1684 980 1717 tuum
991 1679 1134 1717 libera.
1188 1678 1279 1717 Etsi
1293 1681 1403 1717 enim

196 1747 290 1772 cum
317 1747 469 1785 magna
496 1733 685 1772 molestia
713 1739 805 1771 tuos
834 1739 991 1784 tuaque
1018 1732 1242 1779 desideras,
1258 1738 1401 1771 tamen

248 1816 263 1831 ⁰
287 1812 403 1844 Aulus
425 1812 584 1844 Manlius
602 1811 805 1854 Torquatus
824 1810 989 1853 presided
1007 1814 1046 1844 at
1063 1811 1124 1844 the
1141 1811 1223 1844 trial
1241 1811 1282 1844 of
1299 1811 1401 1850 Milo,

200 1855 378 1898 probably
400 1865 440 1888 as
487 1858 615 1894 metor,
636 1856 672 1887 in
692 1857 735 1888 52
757 1866 821 1887 mc.
871 1854 927 1888 He
946 1854 1017 1887 had
1038 1854 1128 1887 been
1147 1864 1169 1887 a
1186 1854 1347 1888 follower
1364 1854 1405 1888 of

203 1899 375 1941 Pompey,
402 1909 448 1931 an
501 1909 574 1931 was
601 1909 681 1931 now
707 1900 743 1931 in
770 1898 859 1931 exile
885 1901 923 1931 at
949 1897 1099 1937 Athens,
1126 1897 1265 1940 though
1292 1899 1329 1931 in
1355 1899 1402 1931 45

202 1943 246 1975 he
275 1952 388 1976 seems
414 1945 452 1975 to
479 1942 570 1975 have
589 1942 679 1975 been
699 1941 848 1974 allowed
869 1944 906 1974 to
927 1944 1046 1975 return
1069 1945 1105 1974 to
1126 1940 1232 1981 Italy,
1253 1940 1319 1974 but
1339 1944 1403 1975 not

202 1989 238 2018 to
260 1986 383 2019 Rome.
433 1985 556 2019 Cicero
579 1985 687 2018 refers
710 1988 747 2018 to
770 1985 845 2018 him
869 1985 905 2017 in
930 1985 983 2018 his
1005 1984 1058 2017 De
1072 1984 1211 2027 finibus
1241 1995 1281 2018 as
1309 1983 1330 1998 ‘⁶
1345 1985 1402 2018 vir

202 2030 358 2071 optimus
386 2030 568 2072 nostrique
593 2027 898 2067 amantissimus,”
927 2028 1026 2061 “the
1052 2028 1130 2062 best
1155 2030 1197 2061 of
1220 2038 1301 2061 men
1329 2027 1400 2062 and

204 2080 283 2120 426
