1442 2392
675 151 877 190 CICERO

170 259 414 298 iucundior?
468 258 550 296 Sed
585 257 683 295 mihi
719 256 855 301 crede,
892 257 1018 293 etiam
1053 256 1101 300 is,
1136 254 1206 304 qui
1242 253 1379 290 omnia

170 345 303 384 tenet,
325 338 439 376 favet
461 339 635 388 ingeniis
653 349 663 382 ;
688 335 946 373 nobilitatem
969 346 1065 372 vero
1088 338 1132 371 et
1154 332 1379 383 dignitates

171 418 395 463 hominum,
422 422 624 468 quantum
651 418 689 453 ei
715 428 780 452 res
808 420 852 452 et
877 416 1001 464 ipsius
1029 425 1151 450 causa
1176 410 1380 456 concedit,

170 497 447 548 amplectitur.
502 495 584 534 Sed
616 494 747 546 plura,
786 507 910 545 quam
943 498 1185 531 statueram.
1239 489 1381 528 Redeo

171 590 270 628 ergo
292 577 345 614 ad
368 589 494 614 unum
516 575 629 620 illud,
651 587 718 612 me
741 579 860 612 tuum
881 585 985 617 esse,
1006 570 1094 610 fore
1115 583 1209 609 cum
1229 572 1326 615 tuis,
1345 571 1380 608 si

169 656 291 694 modo
311 660 432 693 erunt
449 657 508 693 tui
528 667 538 700 ;
570 657 602 692 si
619 656 767 699 minus,
783 665 850 690 me
867 657 980 690 certe
996 652 1039 688 in
1055 638 1250 689 omnibus‘
1257 647 1380 709 rebus

169 738 269 775 satis
288 740 452 773 nostrae
471 735 746 772 coniunctioni
764 733 974 783 amorique
992 729 1212 769 facturum.
1264 726 1380 768 Vale.

744 953 805 992 IX

470 1072 517 1098 M.
543 1072 581 1098 Τ.
610 1072 645 1097 C.
673 1071 704 1097 S.
734 1071 774 1096 Ι).
802 1070 848 1095 Μ.
877 1067 1084 1095 MARCELno

592 1162 741 1200 Romae,
759 1171 867 1194 A.u.c.
886 1162 964 1193 708.

222 1258 313 1298 Etsi
349 1260 563 1310 perpaucis
601 1263 698 1295 ante
736 1256 880 1294 diebus
917 1233 1114 1293 dederam
1150 1252 1203 1302 Q.
1241 1252 1382 1310 Mucio

171 1339 330 1377 litteras
357 1338 410 1376 ad
433 1343 476 1376 te
502 1336 685 1388 pluribus
710 1336 843 1374 verbis
867 1336 1053 1385 scriptas,
1077 1333 1224 1385 quibus
1248 1331 1382 1371 decla-

172 1431 372 1463 raveram,
400 1430 482 1468 quo
509 1422 553 1454 te
583 1418 719 1453 animo
747 1427 958 1452 censerem
986 1424 1076 1451 esse
1104 1417 1310 1463 oportere,
1337 1415 1383 1450 et

173 1497 273 1548 quid
300 1497 377 1535 tibi
404 1495 639 1534 faciendum
669 1494 902 1539 arbitrarer,
922 1498 1078 1538 tamen,
1099 1504 1227 1542 quum
1250 1490 1383 1530 Theo-

172 1576 320 1628 philus,
341 1575 512 1614 libertus
534 1581 644 1620 tuus,
665 1573 1003 1625 proficisceretur,
1023 1572 1137 1610 cuius
1159 1583 1237 1622 ego
1258 1569 1381 1609 fidem

174 1669 272 1707 erga
287 1661 331 1694 te
346 1654 762 1704 benevolentiamque
776 1664 1083 1704 perspexeram,
1097 1652 1185 1688 sine
1199 1651 1302 1688 meis
1315 1648 1382 1688 lit-

173 1737 272 1774 teris
293 1747 387 1772 eum
408 1734 461 1772 ad
480 1739 524 1772 te
543 1735 683 1771 venire
702 1731 827 1770 nolui.
881 1730 1033 1769 Iisdem
1051 1732 1179 1781 igitur
1196 1734 1240 1767 te
1259 1727 1381 1768 rebus

174 1816 301 1852 etiam
319 1819 445 1864 atque
464 1815 590 1850 etiam
608 1811 761 1856 hortor,
779 1810 926 1861 quibus
943 1808 1217 1860 superioribus
1233 1807 1381 1846 litteris

175 1892 362 1931 hortatus
389 1905 494 1937 sum,
522 1896 570 1929 ut
595 1892 638 1928 in
665 1902 716 1927 ea
741 1888 964 1939 republica,
991 1899 1275 1939 quaecumque
1303 1890 1382 1932 est,

175 1985 298 2023 quam
314 1973 490 2021 primum
504 1969 603 2008 velis
618 1981 721 2007 esse.
751 1967 889 2006 Multa
904 1966 1058 2005 videbis
1072 1964 1261 2010 fortasse,
1275 1977 1382 2016 quae

175 2050 302 2094 nolis3
341 2063 422 2087 non
446 2049 562 2099 plura
581 2053 737 2092 tamen,
757 2060 880 2098 quam
905 2045 1020 2084 audis
1040 2044 1238 2096 quotidie.
1290 2042 1382 2081 Non

183 2116 260 2156 290
