1442 2392
663 148 867 188 CICERO

159 255 371 295 consilium
413 256 606 306 exquiris,
637 253 681 292 id
719 258 784 291 est
819 252 918 298 tale,
949 256 998 290 ut
1034 263 1182 302 capere
1213 249 1373 289 facilius:

158 333 246 381 ipse
266 332 431 381 possim,
452 342 575 380 quam
597 326 715 365 alteri
735 326 847 364 dare.
901 324 1013 374 Quid
1032 327 1142 363 enim
1161 329 1240 371 est,
1259 323 1371 376 quod

160 404 337 442 audeam
378 402 552 441 suadere
594 402 685 446 tibi,
726 399 880 438 homini
921 412 1082 438 summa
1122 400 1372 451 auctoritate

161 488 404 527 summaque
445 474 699 526 prudentia?
753 473 808 519 Si,
851 472 951 524 quid
990 474 1264 510 rectissimum
1302 473 1372 518 sit,-

162 552 409 602 quaerimus,
442 551 703 599 perspicuum
737 552 829 592 est3
876 548 924 592 si,
957 545 1057 598 quid
1088 547 1268 583 maxime
1300 536 1371 583 ex-

159 624 317 675 pediat,
347 623 592 667 obscurum3
635 623 698 659 sin
726 623 754 658 ii
783 633 937 666 sumus,
967 621 1037 671 qui
1065 617 1251 670 profecto
1281 631 1371 668 esse

160 697 373 743 debemus,
405 701 454 734 ut
496 695 596 733 nihil
633 695 880 732 arbitremur
910 692 1121 743 expedire,
1153 694 1229 730 nisi
1260 691 1371 743 quod

160 776 320 809 rectum
351 769 653 820 honestumque
684 770 752 814 sit,
783 781 865 805 non
894 771 1035 817 potest
1065 764 1370 817 esse'dubium,

160 844 260 896 quid
293 842 528 881 faciendum
563 842 678 880 nobis
712 843 780 879 sit.
833 839 956 888 Quod
990 841 1200 878 existimas
1233 824 1370 881 meam

159 931 325 956 causam
365 919 627 955 coniunctam
657 927 746 953 esse
776 927 870 952 cum
898 919 987 959 tua,
1015 918 1131 952 certe
1159 912 1299 951 similis
1327 915 1369 950 in

159 997 335 1042 utroque
356 996 556 1035 nostrum,
576 1002 669 1027 cum
689 990 845 1039 optime
865 989 1126 1034 sentiremus,
1147 999 1258 1024 error
1275 985 1370 1026 fuit.

160 1064 266 1102 Nam
294 1066 431 1102 omnia
457 1065 672 1114 utriusque
699 1061 866 1100 consilia
893 1060 946 1098 ad
973 1059 1229 1098 concordiam
1256 1072 1370 1110 spec-

158 1143 381 1183 taverunt3
423 1149 506 1188 qua
532 1149 626 1174 cum
652 1138 730 1186 ipsi
757 1134 923 1173 Caesari
950 1133 1051 1171 nihil
1078 1138 1188 1172 esset
1215 1133 1369 1180 utiliuS,

157 1214 335 1263 gratiam
368 1223 532 1262 quoque
564 1222 638 1247 nos
669 1211 772 1247 inire
805 1209 858 1246 ab
890 1221 940 1246 eo
972 1205 1236 1245 defendenda
1266 1219 1369 1257 pace

158 1285 472 1323 arbitrabamur.
525 1282 739 1330 Quantum
769 1295 842 1319 nos
872 1280 1068 1319 fefellerit
1097 1286 1143 1319 et
1171 1293 1296 1332 quem
1323 1282 1368 1318 in

157 1358 291 1396 locum
314 1371 379 1396 res
403 1357 584 1395 deducta
606 1358 674 1402 sit,
698 1355 825 1393 vides.
880 1354 1026 1405 Neque
1050 1353 1181 1392 solum
1205 1366 1256 1392 ea
1277 1366 1369 1404 per-

158 1433 292 1482 spicis,
318 1444 425 1482 quae
450 1435 665 1482 geruntur,
692 1441 882 1480 quaeque
906 1430 990 1466 iam
1014 1432 1135 1479 gesta
1159 1432 1270 1473 sunt,
1295 1426 1370 1482 sed

158 1507 299 1550 etiam,
317 1507 388 1555 qui
404 1517 544 1542 cursus
560 1516 712 1548 rerum,
730 1503 800 1553 qui
819 1504 954 1540 exitus
971 1499 1134 1539 futurus
1151 1502 1220 1539 sit.
1258 1499 1369 1552 Ergo

158 1584 231 1616 aut
261 1578 435 1628 probare
467 1582 632 1628 oportet
664 1589 728 1622 ea,
759 1587 866 1627 quae
898 1574 1017 1620 fiunt,
1049 1579 1123 1612 aut
1152 1576 1367 1620 interesse,

157 1653 319 1690 etiamsi
333 1664 415 1688 non
427 1650 576 1701 probes
594 1662 604 1695 ;
634 1662 806 1700 quorum
821 1647 952 1686 altera
964 1646 1064 1685 mihi
1078 1649 1223 1699 turpis,
1236 1645 1369 1687 altera

157 1727 284 1762 etiam
320 1723 547 1775 periculosa
583 1725 688 1761 ratio
725 1722 901 1760 videtur.
955 1720 1117 1767 Restat,
1154 1725 1203 1759 ut
1238 1720 1367 1759 disce-

156 1797 338 1836 dendum
371 1802 531 1848 putem.
586 1795 634 1833 In
669 1808 750 1847 quo
783 1794 942 1846 reliqua
974 1793 1139 1832 videtur
1171 1806 1261 1832 esse
1295 1793 1367 1832 de-

154 1870 358 1916 liberatio,
401 1870 511 1922 quod
552 1869 764 1908 consilium
805 1871 849 1906 in
891 1867 1085 1914 discessu,
1127 1879 1235 1918 quae
1276 1866 1366 1906 loca

156 1956 389 1994 sequamur.
443 1943 622 1982 Omnino
666 1955 760 1980 cum
803 1943 988 1979 miserior
1029 1953 1095 1979 res
1139 1953 1365 1992 numquam

156 2017 318 2063 accidit,
343 2023 432 2055 tum
458 2030 509 2055 ne
535 2016 777 2054 deliberatio
801 2014 968 2067 quidem
992 2012 1202 2053 difficilior.
1255 2011 1364 2051 Nihil

163 2098 242 2134 252
