1442 2392
652 109 856 150 CICERO

147 218 205 257 Et
222 231 316 257 cum
334 216 532 269 gratulor,
551 221 642 255 tum
661 228 772 261 vero,
791 215 939 267 quibus
958 214 1092 254 verbis
1108 214 1187 254 tibi
1231 218 1234 220 ’
1255 216 1365 258 atina

148 286 285 325 agam,
314 285 398 310 non
425 272 600 322 reperio,
630 270 742 322 quod
769 272 830 308 ita
858 268 992 308 factus
1022 272 1090 316 sis,
1119 275 1169 308 ut
1191 291 1193 294 ⁴
1227 268 1361 308 ederis

148 328 280 373 nobis,
298 325 648 378 quemadmodum
664 327 882 375 scripseras
902 323 955 362 ad
970 336 1054 370 me,
1073 326 1180 376 quae
1197 332 1364 375 semper-

148 382 283 420 ridere
311 393 538 432 possemus.
592 379 742 430 Itaque
772 391 866 417 cum
894 380 1072 429 primum
1101 377 1252 424 audivi,
1282 390 1364 430 ego

149 436 217 474 ille
235 439 323 486 ipse
341 434 475 473 factus
494 447 599 480 sum,
617 436 694 472 scis
713 446 837 484 quem
855 432 990 471 dicam
1007 445 1018 478 ;
1051 434 1200 484 egique
1219 444 1361 470 omnes

149 490 237 529 illos
276 489 576 534 adulescentes,
609 501 710 539 quos
747 487 816 525 ille
854 489 1032 527 iactitat.
1085 486 1259 526 Difficile
1296 491 1362 525 est

149 544 275 596 loqui.
328 543 387 582 Te
419 549 561 582 autem
591 541 875 593 contemplans
907 542 1137 588 absentem,
1169 546 1214 580 et
1244 542 1361 594 quasi

152 605 292 637 tecum
310 611 447 637 coram
464 597 668 649 loquerer,
1044 614 1045 617 ¹
1129 606 1132 609 ⁴
1232 592 1235 598 ’

202 667 446 744 Nonfedepoli
461 669 637 710 quantam
654 677 730 699 rem
748 666 874 709 egeris,
893 663 1010 708 neque
1027 668 1205 708 quantum
1221 664 1366 703 facinus

309 722 430 750 ecems,

152 772 275 820 Quod
309 774 406 824 quia
439 777 607 822 praeter
641 772 876 822 opinionem
910 769 1011 811 mihi
1046 767 1266 816 acciderat,
1301 781 1374 823 ref,

154 826 339 865 ferebam
358 839 424 864 me
445 826 497 864 ad
515 825 616 864 illud
633 839 643 864 z
1355 824 1358 826 ’

434 895 646 929 Incredibile
662 894 731 929 hoc
746 895 846 929 factu
862 894 1026 928 obicitur.

155 957 345 1008 Repente
360 970 456 996 vero
474 958 620 995 incessi
634 955 804 995 omnibus
821 955 974 994 laetitiis
993 954 1173 1008 [laetus].
1220 954 1271 993 In
1284 968 1377 1007 quo-

156 1025 250 1050 cum
266 1012 517 1062 obiurgarer,
534 1011 645 1062 quod
661 1013 786 1049 nimio
802 1010 953 1062 gaudio
969 1023 1104 1061 paeno
1120 1009 1365 1061 desiperem,

155 1069 216 1105 ita
232 1079 300 1104 me
317 1065 595 1104 defendebam
612 1078 622 1104 ς
1172 1066 1178 1070 “
1361 1083 1363 1086 ·

438 1135 518 1178 Ego
533 1135 756 1178 voluptatem
771 1135 884 1168 animi
901 1135 1060 1167 nimiam.

160 1197 271 1245 Quid
298 1197 492 1248 quaeris?
532 1195 631 1235 dum
657 1195 772 1234 illum
798 1195 927 1241 rideo,
954 1208 1088 1246 paene
1116 1209 1208 1234 sum
1233 1194 1377 1242 facffisss

158 1252 241 1290 ille.
294 1251 377 1290 Sed
401 1251 504 1289 haec
528 1251 725 1302 pluribus,
750 1250 964 1300 multaque
991 1249 1070 1287 alia
1096 1255 1141 1288 et
1165 1249 1219 1288 de
1234 1255 1288 1288 'te
1315 1247 1376 1289 341

161 1312 219 1352 te,
240 1319 333 1344 cum
352 1308 530 1356 primum
551 1318 620 1343 ero
641 1304 795 1356 aliquid
813 1310 958 1342 nactus
978 1306 1051 1342 oti.
1103 1303 1162 1342 Te
1183 1311 1293 1351 vero,
1311 1306 1367 1343 mi

162 1359 283 1406 Rufe,
301 1360 440 1411 diligo,
458 1372 583 1411 quem
599 1358 699 1397 mihi
716 1357 882 1397 fortuna
899 1358 1016 1396 dedit
1033 1358 1369 1409 amplificatorem

161 1415 375 1466 dignitatis
398 1427 532 1460 meae,
555 1413 732 1452 ultorem
755 1426 837 1451 non
859 1413 982 1451 modo
1004 1415 1273 1459 inimicorum,
1295 1413 1370 1452 sed

163 1472 291 1507 etiam
317 1468 547 1507 invidorum
573 1481 774 1514 meorum,
803 1473 850 1506 ut
879 1480 948 1505 eos
980 1469 1133 1518 partim
1170 1465 1369 1506 scelerum

162 1537 342 1569 suorum,
361 1525 512 1574 partim
530 1524 658 1560 etiam
677 1524 927 1572 ineptiarum
945 1524 1190 1572 poeniteret.

527 1593 540 1613 ¹
563 1592 716 1626 subaudi
728 1602 878 1640 possum
891 1591 1022 1625 dicere.

214 1666 230 1682 ⁰
255 1662 394 1700 Hirrus,
412 1672 435 1694 a
452 1671 537 1694 man
555 1660 595 1694 of
609 1660 736 1704 ability
753 1660 826 1693 and
844 1659 1032 1699 iuflueuce,
1051 1661 1372 1705 notwithstanding

146 1705 325 1739 —Cicero's
355 1705 462 1760 jibes‚
501 1704 673 1747 lispingly
709 1702 941 1755 pronouncefl
979 1702 1034 1736 his
1071 1707 1161 1737 own·
1190 1715 1296 1738 name
1331 1715 1372 1739 as

169 1748 191 1763 “
207 1748 350 1787 Hillus,’
387 1749 448 1782 the
470 1750 637 1781 vocative
654 1747 694 1781 of
714 1747 830 1780 which
853 1745 966 1788 easssy
988 1746 1135 1781 became
1158 1747 1180 1761 ‘⁴
1198 1747 1300 1787 Ille‚”
1322 1749 1374 1791 by

168 1792 286 1827 which
308 1791 502 1825 nickname
523 1791 568 1825 he
590 1802 663 1824 was
685 1790 830 1824 known.
879 1789 945 1824 We
967 1798 1052 1833 may
1074 1790 1166 1824 infer
1186 1790 1280 1825 from
1302 1792 1374 1826 this

170 1835 271 1877 letter
299 1835 378 1869 that
406 1835 451 1869 he
478 1845 551 1869 was
578 1834 746 1868 addicted
774 1837 812 1868 to
839 1833 993 1877 poetical
1019 1835 1226 1877 quotations
1254 1835 1291 1868 in
1318 1835 1373 1870 his

171 1879 431 1955 spieg'qiegcnd
461 1921 501 1955 of
526 1922 587 1955 the
615 1921 686 1955 line
715 1920 822 1972 (from
851 1931 873 1953 a
901 1919 1054 1963 comedy
1082 1919 1134 1963 by
1160 1919 1315 1963 Trabea)
1343 1922 1373 1956 is

172 1965 194 1980 “
210 1976 393 1998 summum
420 1976 496 1999 esse
526 1975 681 1998 errorem
708 1964 900 2003 arbltr0r‚’'
925 1965 946 1979 ‘⁶
965 1965 981 1998 Ι
1007 1963 1136 2006 regard
1162 1975 1202 1997 as
1229 1975 1252 1998 a
1280 1967 1374 1999 most

170 2007 260 2043 fatal
275 2008 408 2048 error,‘’
427 2008 542 2042 which
558 2008 682 2042 Cicero
698 2007 878 2051 naturally
894 2008 1012 2043 leaves
1026 2007 1224 2051 unquoted.
1263 2032 1266 2036 .

180 2065 255 2100 120
