1442 2392
670 111 874 151 CICERO

168 220 296 257 etiam
317 217 609 256 declarandum
631 217 819 263 arbitror,
840 216 941 254 nihil
961 215 1061 255 mihi
1076 229 1172 256 esse
1193 219 1377 268 potuisse

120 302 143 336 3
170 300 251 336 tuis
282 297 432 335 litteris
463 299 634 348 gratius.
688 295 756 334 Ad
787 295 1078 334 consolandum
1110 301 1252 335 autem
1283 306 1377 336 cum

168 376 239 414 illa
256 376 410 423 valent,
430 388 537 427 quae
557 375 772 427 eleganter
790 378 1035 427 copioseque
1054 375 1269 427 collegisti,
1287 368 1378 415 tum

170 454 271 492 nihil
298 454 404 506 plus,
433 467 557 506 quam
587 454 698 505 quod
726 453 1020 492 firmitudinem
1047 457 1378 507 gravitatemque

171 536 296 573 animi
321 536 383 572 tui
408 536 628 585 perspexi3
669 547 793 585 quam
818 547 901 571 non
924 535 1077 572 imitari
1100 536 1380 585 turpissimum

173 616 377 652 existimo.
432 613 581 664 Itaque
594 612 671 651 hoc
685 615 811 651 etiam
823 612 1035 651 fortiorem
1047 626 1115 652 me
1126 619 1244 665 puto,
1256 627 1381 666 quam

171 697 366 744 teipsum,
404 699 717 744 praeceptorem
753 692 1020 739 fortitudinis,
1051 693 1162 745 quod
1198 699 1246 732 tu
1281 693 1382 732 mihi

172 773 311 812 videre
326 786 443 823 spem
457 772 695 810 nonnullam
709 772 878 819 habere,
892 771 995 811 haec
1010 772 1228 824 aliquando
1242 772 1382 812 futura

172 852 354 890 meliora.
387 851 515 890 Casus
533 854 642 890 enim
658 851 890 903 gladiatorii
907 851 1275 904 similitudinesque
1292 865 1382 899 eae,

173 936 264 970 tum
285 933 465 969 rationes
486 933 530 968 in
552 943 602 968 ea
623 930 903 981 disputatione
926 943 950 968 a
971 936 1016 969 te
1037 930 1248 978 collectae,
1268 937 1384 971 veta-

172 1010 276 1048 bant
290 1022 357 1048 me
371 1008 621 1060 reipublicae
634 1012 801 1060 penitus
816 1008 1013 1048 diffidere.
1043 1009 1192 1061 Itaque
1207 1009 1383 1050 alterum

174 1092 308 1127 minus
329 1091 493 1135 mirum,
514 1087 726 1127 fortiorem
747 1094 792 1127 te
815 1101 919 1135 esse,
941 1102 1034 1127 cum
1056 1085 1210 1141 aliquid
1229 1097 1384 1142 speres,

174 1168 351 1207 alterum
388 1170 551 1214 mirum,
589 1181 662 1219 spe
701 1167 784 1206 ulla
821 1170 969 1206 teneri.
1023 1167 1134 1217 Quid
1171 1177 1237 1208 est
1273 1153 1384 1217 enim

174 1260 258 1285 non
280 1250 341 1285 ita
365 1245 573 1293 affectum,
597 1252 646 1285 ut
668 1245 712 1284 id
735 1259 817 1284 non
841 1246 1026 1285 deletum
1051 1249 1384 1300 exstinctumque

176 1338 266 1364 esse
279 1324 439 1364 fateare
457 1325 472 1362 ?
501 1324 775 1376 Circumspice
789 1328 926 1363 omnia
938 1325 1125 1364 membra
1136 1315 1385 1378 reipublicae

176 1416 283 1456 quae
306 1388 519 1442 notissima
541 1409 639 1442 sunt
661 1404 738 1442 tibi
756 1416 766 1450 ;
804 1403 961 1442 nullum
982 1406 1163 1455 reperies
1184 1404 1385 1456 profecto,

175 1482 286 1535 quod
326 1495 409 1521 non
449 1481 626 1521 fractum
656 1482 970 1521 debilitatumve
1000 1485 1070 1522 sit.
1136 1483 1254 1532 Quae
1293 1497 1386 1537 per-

175 1575 384 1614 sequerer,
397 1564 430 1600 si
445 1567 519 1600 aut
533 1561 678 1600 melius
695 1575 746 1600 ea
760 1562 956 1608 viderem,
969 1575 1095 1614 quam
1108 1568 1156 1601 tu
1170 1563 1298 1610 vides,
1312 1570 1386 1604 aut

177 1654 497 1680 commemorare
521 1653 685 1692 possem
710 1643 797 1679 sine
823 1640 989 1688 dolore3
1029 1654 1279 1694 quamquam
1303 1646 1385 1684 tuis

175 1722 340 1758 monitis
374 1722 689 1772 praeceptisque
723 1722 854 1759 omnis
889 1726 954 1759 est
987 1721 1223 1760 abiciendus
1257 1722 1384 1763 dolor.

127 1805 150 1837 4
175 1799 286 1850 Ergo
319 1804 364 1836 et
395 1799 620 1837 domestica
652 1798 846 1845 feremus,
879 1804 927 1837 ut
959 1812 1115 1846 censes,
1148 1804 1193 1838 et
1222 1801 1386 1851 publica

229 1975 244 1990 ⁰
268 1970 493 2012 Apparently
525 1970 555 2004 L
558 1972 699 2004 ucceius
731 1970 802 2003 had
836 1969 1029 2013 suggested
1067 1969 1147 2005 that
1175 1981 1249 2014 you
1281 1964 1384 2006 never

183 2013 290 2047 could
310 2014 368 2046 tell
385 2013 465 2046 who
482 2014 599 2047 would
617 2015 699 2048 win.

182 2069 261 2103 880
