1442 2392
661 135 866 174 CICERO

156 243 291 279 minus
313 239 496 278 offendor
517 242 560 277 in
581 252 676 285 me;
714 241 775 277 sin
798 244 940 276 autem
962 251 987 275 a
1009 250 1076 276 me
1091 236 1366 283 'estalienion

157 295 258 333 nihil
272 295 348 333 tibi
363 307 481 332 meae
496 294 663 332 litterae
677 293 918 344 proderunt.
972 291 1094 338 Nam,
1109 291 1163 330 ad
1176 297 1368 330 senatum

157 363 259 400 quas
279 349 447 387 Bibulus
466 348 627 387 litteras
647 350 773 393 misit,
792 350 834 384 in
854 349 917 392 iis,
937 346 1048 398 quod
1067 345 1167 384 mihi
1187 359 1280 384 cum
1299 345 1368 384 illo

159 409 249 442 erat
271 416 502 449 commune,
524 403 600 441 sibi
622 402 697 440 soli
719 402 938 447 attribuit3
974 413 1019 439 se
1041 403 1102 438 ait
1122 413 1299 446 curasse,
1320 405 1369 440 ut

157 472 250 496 eum
285 463 461 509 quaestu
495 456 634 507 populi
667 459 843 507 pecunia
875 460 1210 506 permutaretur:
1248 454 1370 506 vquod

158 518 300 550 autem
322 525 462 550 meum
485 517 576 549 erat
597 513 820 561 proprium,
844 516 891 548 ut
913 509 1046 547 alariis
1068 508 1368 560 Transpadanis

158 569 219 605 uti
249 579 459 617 negarem,
487 566 531 603 id
561 567 687 603 etiam
715 564 867 615 populo
895 577 940 602 se
968 566 1171 602 remisisse
1199 563 1369 608 scribit;

158 621 269 671 quod
291 634 387 658 vero
408 620 514 657 illius
537 625 628 657 erat
651 619 786 664 solius,
812 618 856 657 id
877 631 1039 656 mecum
1064 619 1369 662 communicat:

157 674 359 726 Equitibus
401 673 630 719 auxiliariis,
671 676 820 724 inquit,
862 686 945 711 cum
987 671 1151 724 amplius
1177 670 1369 724 fiumenti

152 729 442 780 postularemus.
497 728 604 766 Illud
628 740 724 766 vero
748 727 884 778 pusilli
909 729 1033 764 animi
1059 732 1104 765 et
1127 728 1217 777 ipsa
1243 725 1369 764 male<

158 783 338 822 volentia
373 785 500 821 ieiuni
538 788 665 834 atque
702 784 848 827 inanis,
885 781 996 832 quod
1033 781 1370 826 Ariobarzanem,

158 841 255 889 quia
274 843 442 875 senatus
461 850 535 887 per
554 850 621 874 me
640 849 783 887 regem
803 835 1040 886 appellavit,
1058 834 1241 886 mihique
1260 847 1369 873 com-

157 892 383 937 mendam,
405 894 484 929 iste
507 894 550 928 in
571 891 720 929 litteris
742 904 823 928 non
846 903 1003 941 regem,
1026 889 1100 928 sed
1121 891 1229 940 regis
1251 889 1369 928 Ario-

159 947 345 984 barzanis
388 946 516 983 filium
559 945 755 996 appellat.
791 951 794 954 ’
828 944 918 982 Hoc
962 946 1109 982 animo*
1142 945 1213 994 qui
1256 947 1368 989 sunt,

159 1000 384 1040 deteriores
430 1000 535 1038 fiunt
578 1002 726 1050 rogati.
779 998 862 1037 Sed
908 999 984 1036 tibi
1031 1010 1188 1036 morem
1230 999 1369 1049 gessi:

158 1055 318 1093 litteras
347 1054 399 1093 ad
428 1067 523 1093 eum
551 1056 704 1105 scripsi,
734 1066 835 1105 quas
863 1066 956 1091 eum
987 1053 1206 1104 acceperis,
1242 1050 1369 1104 facies

158 1109 270 1161 quod
287 1109 412 1147 voles.

689 1215 833 1254 XVIII

330 1324 378 1352 M.
404 1325 443 1352 T.
471 1326 506 1351 c.
535 1325 624 1351 ῙΜΡ.
651 1324 684 1351 s.
712 1325 753 1350 D.
781 1325 819 1354 Q.
846 1323 1017 1349 THERMO
1045 1323 1192 1350 PROPR-

547 1398 758 1438 Laodiceae,
775 1408 885 1432 ΛΑΜ).
902 1399 981 1431 704.

112 1486 129 1518 ι
209 1477 397 1516 Officium
431 1490 571 1516 meum
606 1490 705 1528 erga
739 1475 980 1514 Rhodonem
1015 1480 1238 1527 ceteraque
1272 1488 1368 1517 mea

156 1533 307 1578 studia,
327 1545 434 1584 quae
454 1532 530 1570 tibi
550 1545 597 1570 ae
615 1534 697 1569 tuis
716 1533 919 1582 praestiti,
938 1530 1029 1576 tibi,
1048 1529 1202 1568 homini
1219 1532 1368 1582 gratis-

212 1650 227 1666 α
250 1645 441 1679 Whatever
458 1647 557 1678 taxes
574 1654 614 1676 or
633 1643 742 1686 spoils
759 1644 797 1676 in
814 1643 921 1685 Syria
939 1641 1010 1675 and
1030 1641 1156 1676 Cilicia
1170 1652 1273 1676 came
1290 1643 1366 1676 into

166 1688 226 1722 the
250 1688 393 1722 Roman
409 1687 536 1722 coffers
560 1689 596 1720 in
621 1687 759 1720 Asiatic
774 1687 926 1729 coinage
942 1696 1033 1719 were
1054 1685 1192 1719 exchan
1241 1684 1264 1718 d
1288 1686 1366 1719 into

168 1732 309 1765 Roman
328 1742 458 1774 money
477 1734 513 1764 to
528 1731 589 1764 the
606 1730 810 1772 advantage
826 1730 867 1763 of
881 1730 940 1762 the
956 1729 1148 1772 Treasury.
1255 1727 1348 1762 trell.

214 1776 227 1796 θ
248 1775 325 1809 Ala
351 1775 461 1818 being
484 1775 545 1808 the
568 1773 674 1807 allied
697 1775 908 1816 contingent
931 1772 1098 1806 attached
1120 1775 1160 1806 to
1182 1783 1206 1806 a
1244 1773 1363 1813 egion,

166 1819 278 1852 alarii
298 1830 383 1861 may
402 1818 446 1851 be
465 1817 636 1851 rendered
658 1817 790 1850 “allies
802 1817 823 1831 ”
849 1827 889 1850 or
913 1820 935 1834 ‘⁸
952 1815 1190 1849 auxiliaries.”
1240 1815 1366 1850 Cicero

168 1862 307 1896 refused
331 1866 367 1896 to
391 1862 498 1904 bring
520 1861 609 1895 such
627 1860 829 1894 auxiliaries
854 1860 902 1893 all
926 1860 987 1893 the
1002 1870 1082 1902 way
1096 1860 1196 1903 ,from
1219 1858 1363 1902 beyond

166 1906 226 1938 the
244 1905 295 1938 Po
312 1909 350 1939 to
366 1905 450 1947 help
466 1905 541 1938 him
558 1905 595 1938 in
612 1903 667 1938 his
684 1903 836 1937 Eastern
852 1903 1075 1945 campaigns.

215 1953 228 1970 ⁰
250 1949 426 1982 Thermus
442 1959 513 1982 was
536 1949 747 1991 propraetor
770 1948 805 1980 in
824 1947 912 1980 Asia
933 1947 970 1979 in
990 1949 1030 1980 51
1054 1946 1126 1979 and
1148 1948 1213 1984 503
1239 1945 1364 1979 Cicero

168 1991 240 2024 had
260 2004 282 2025 a
305 1992 392 2034 high
424 1993 570 2034 opinion
595 1991 636 2024 of
664 1991 739 2024 him
762 2001 802 2023 as
820 2001 867 2023 an
892 1989 1172 2023 administrator.
1238 1989 1278 2023 [n
1301 1989 1362 2022 the

168 2035 259 2069 Civil
278 2036 360 2069 war
377 2036 422 2068 he
437 2035 568 2077 fought
584 2045 631 2068 on
647 2034 708 2068 the
724 2033 799 2067 side
815 2034 856 2067 of
870 2033 1041 2076 Pompey.

169 2086 243 2126 156
