1442 2392
671 119 890 160 CICERO'

168 231 335 265 tantum
355 232 400 264 te
421 229 616 277 suspicari
636 226 741 272 volo,
763 226 863 264 nihil
883 228 926 264 in
948 239 998 264 ea
1017 236 1064 264 re
1083 236 1160 279 per
1179 216 1378 277 collegam

169 304 323 337 meum,
338 305 405 329 me
420 294 635 338 insciente,
651 304 740 330 esse
755 290 926 330 factum.
969 288 1199 335 Recordare
1215 283 1380 343 cetefflg

171 369 295 407 quam
308 359 389 395 cito
402 351 593 406 senatum
605 357 673 395 illo
687 357 768 403 die,
781 356 893 395 facta
905 359 1134 403 sortitione,
1145 349 1359 412 coegerim,
1362 367 1380 406 3

171 435 295 472 quam
320 422 452 460 multa
476 423 528 460 de
554 428 597 460 te
622 423 748 461 verba
771 421 954 468 fecerim,
978 412 1256 473 cumgtuipse
1278 420 1380 468 mihi

171 487 326 533 dixisti,
342 490 570 525 orationem
587 501 723 526 meam
740 501 823 525 non
838 487 970 526 solum
985 490 1027 525 in
1043 493 1088 526 te
1104 486 1381 532 honorificam,

171 552 245 590 sed
282 555 409 590 etiam
444 555 488 591 in
524 553 700 604 collegas
737 558 830 591 tuos
867 552 1205 591 contumeliosam
1241 551 1381 606 fuisse.

174 617 262 654 Iam
279 617 380 655 illud
397 624 565 656 senatus
583 618 829 664 consultum,
847 617 959 669 quod
976 615 1026 656 eo
1043 616 1111 656 die
1128 615 1285 656 factum
1303 615 1381 669 est,

173 695 223 720 ea
247 685 569 734 praescriptione
597 689 675 730 est,
702 689 764 729 ut,
790 683 890 721 dum
915 682 959 720 id
985 682 1191 729 exstabit,
1207 671 1383 731 Officium

172 761 311 786 meum
330 750 374 786 in
393 754 437 786 te
457 748 675 786 obscurum
695 761 784 786 esse
805 761 887 786 non
906 749 1049 799 possit.
1102 746 1254 795 Postea
1271 748 1383 793 vero,

173 826 299 863 quam
330 812 540 864 profectus
574 826 631 859 es,
660 813 783 851 velim
819 812 1048 858 recordere,
1072 825 1180 864 quae
1213 825 1292 864 ego
1328 811 1382 850 de

173 882 218 915 te
251 880 294 915 in
322 884 470 916 senatu
499 881 669 930 egerim,
697 891 804 929 quae
834 880 878 915 in
904 877 1165 916 contionibus
1193 877 1382 923 dixerim,

173 956 275 993 quas
301 943 354 981 ad
378 949 422 981 te
447 943 607 982 litteras
632 945 826 982 miserim.
880 942 998 990 Quae
1023 956 1117 981 cum
1141 945 1279 981 omnia
1301 939 1382 995 col-

173 1007 336 1059 legeris,
367 1014 415 1047 tu
445 1011 532 1059 ipse
565 1008 686 1046 velim
716 1008 886 1053 iudices,
916 1010 1069 1046 satisne
1101 1007 1290 1062 videatur
1312 998 1380 1056 his

173 1074 361 1112 omnibus
386 1074 508 1112 rebus
533 1079 629 1112 tuus
654 1074 871 1119 adventus,
889 1087 983 1111 cum
1000 1075 1186 1123 proxime
1209 1060 1381 1122 Romam

174 1141 336 1185 venisti,
363 1145 508 1177 mutue
534 1139 808 1190 respondisse.
861 1137 984 1186 Quod
1008 1138 1148 1176 scribis
1176 1137 1238 1176 dev
1254 1148 1381 1176 recon-

173 1203 303 1241 ciliata
330 1209 459 1242 nostra
479 1204 623 1256 gratia,
641 1218 723 1242 non
751 1203 963 1254 intellego,
983 1216 1055 1241 cur
1078 1201 1380 1241 reconciliatam

174 1282 263 1307 esse
302 1269 427 1315 dicas,
466 1282 572 1320 quae
611 1282 837 1320 numquam
873 1271 1092 1307 imminuta
1129 1270 1208 1306 est.
1259 1267 1382 1325 Quod

174 1335 328 1380 scribis,
373 1347 447 1372 non
489 1333 696 1386 oportuisse
739 1332 936 1372 Metellum
971 1331 1143 1385 fiatrem
1188 1337 1291 1372 tuum
1324 1327 1382 1370 ob

173 1398 311 1437 dictum
335 1413 360 1437 a
382 1413 439 1437 me
463 1398 690 1451 oppugnari,
708 1402 899 1450 primum,
918 1398 996 1436 hoe
1014 1398 1141 1436 velim„
1156 1400 1381 1443 existimes,

174 1467 356 1502 animum
390 1464 491 1502 mihi
523 1467 650 1503 istum
684 1470 804 1502 tuum
838 1463 1109 1502 vehementer
1140 1462 1305 1514 probari
1336 1466 1382 1500 et

173 1528 399 1567 fraternam
438 1529 604 1580 plenam
642 1529 911 1567 humanitatis
951 1541 998 1566 ac
1034 1530 1204 1579 pietatis
1240 1526 1382 1579 volun?

173 1600 307 1633 tatem
325 1607 335 1641 ;
367 1595 532 1641 deinde,
549 1598 581 1633 si
598 1608 680 1646 qua
697 1594 775 1646 ego
791 1597 834 1632 in
849 1607 894 1632 re
910 1593 1028 1632 fratri
1043 1599 1121 1632 tuo·
1131 1590 1380 1644 reipublicae

225 1686 240 1701 ‘⁸
264 1680 304 1714 C.
334 1680 526 1719 Antonius,
556 1679 711 1713 Cicero’s
738 1679 934 1721 colleague,
963 1678 1036 1711 had
1063 1677 1228 1721 presided
1256 1681 1294 1712 at
1316 1677 1381 1714 ¹the

180 1724 331 1762 sortitio,
373 1723 445 1756 and
486 1727 523 1756 at
564 1722 718 1756 Cicero’s
762 1724 922 1755 instance
963 1721 1036 1755 had
1077 1720 1261 1757 contrived
1302 1718 1381 1755 that

180 1767 359 1809 Cisalpine
376 1762 471 1800 Gaul
488 1766 616 1800 should
632 1765 696 1799 fall
711 1769 749 1799 to
769 1765 946 1799 Metellus.
965 1769 967 1771 '
1141 1764 1143 1766 ’
1372 1804 1376 1806 ‚

224 1811 237 1831 ⁶
263 1811 295 1844 lt
312 1812 340 1843 is
362 1814 424 1844 not
442 1811 537 1843 clear
551 1810 649 1842 what
664 1810 735 1842 this
751 1809 874 1842 decree
890 1819 983 1848 was;
1011 1808 1071 1842 the
1086 1807 1271 1851 preamble
1285 1808 1382 1842 must

183 1854 273 1888 have
289 1854 480 1888 contained
497 1853 797 1896 complimentary
813 1853 1009 1885 references
1025 1855 1063 1885 to
1082 1851 1262 1885 Metellus.
1346 1856 1350 1861 '

227 1903 239 1919 ⁶
265 1898 432 1931 Metellus
451 1897 523 1930 had
543 1896 721 1940 probably
740 1895 970 1938 approached
987 1896 1103 1929 Rome
1122 1897 1158 1928 in
1177 1895 1238 1928 the
1257 1896 1382 1929 winter

179 1941 219 1973 of
232 1943 336 1974 63-62
353 1952 392 1974 as
408 1952 430 1973 a
446 1939 727 1974 demonstration
744 1941 780 1972 in
797 1942 947 1982 support
962 1938 1003 1972 of
1014 1938 1069 1972 his
1085 1938 1230 1972 brother
1246 1937 1302 1972 Ne
1329 1948 1380 1978 os,

179 1984 282 2018 when
302 1985 362 2017 the
382 1984 486 2017 latter
505 1983 674 2017 attacked
695 1981 818 2016 Cicero
838 1984 875 2016 in
895 1983 955 2017 the
975 1982 1118 2021 Senate,
1137 1992 1178 2015 as
1197 1981 1310 2015 deseri
1342 1983 1344 1985 '

179 2027 305 2061 below.
355 2027 516 2062 Watson.
975 2037 978 2040 ’
1366 2022 1370 2030 “

183 2079 261 2119 826
