1442 2392
694 127 898 167 CICERO

190 231 358 277 habeto,
376 244 458 277 me,
477 245 571 269 cum
590 230 658 269 illo
676 244 720 268 re
741 244 865 282 saepe
885 232 1198 278 communicata,
1217 230 1270 271 de
1289 230 1396 271 illius

189 293 243 332 ad
261 299 305 332 te
325 296 533 332 sententia
552 299 679 346 atque
700 296 947 333 auctoritate
966 294 1142 333 scribere
1161 307 1171 333 t
1205 296 1398 346 quoniam

189 356 590 395 senatusconsultum
614 355 771 394 nullum
797 362 949 402 exstat,
974 369 1055 408 quo
1078 356 1266 395 reductio
1288 358 1398 409 regis

188 418 457 458 Alexandrini
494 419 570 457 tibi
605 419 801 470 adempta
838 421 905 466 sit,
939 431 1086 471 eaque,
1119 432 1226 471 quae
1260 419 1314 458 de
1347 431 1398 458 ea

188 484 341 533 scripta
366 487 445 527 est,
472 484 708 527 auctoritas,
734 484 799 519 cui
825 483 900 520 scis
925 483 1194 520 intercessum
1220 495 1324 529 esse,
1349 487 1398 521 ut

190 557 243 583 ne
264 547 354 596 quis
375 547 539 582 omnino
558 557 701 596 regem
720 544 951 591 reduceret,
971 550 1133 583 tantam
1153 547 1236 583 vim
1253 543 1396 591 habet,

187 612 235 645 ut
269 609 399 658 magis
434 610 632 645 iratorum
665 607 877 645 hominum
911 607 1108 653 studium,
1143 620 1269 659 quam
1302 620 1397 646 con—

187 672 334 708 stantis
355 675 522 708 senatus
542 670 753 708 consilium
775 683 863 708 esse
884 670 1085 717 videatur,
1099 675 1144 709 te
1163 672 1396 722 perspicere

188 745 321 783 posse,
346 735 415 783 qui
440 732 621 770 Ciliciam
645 732 908 785 Cyprumque
932 738 1091 779 teneas,
1114 732 1214 784 quid
1236 732 1395 771 efficere

187 800 232 834 et
265 794 364 846 quid
401 798 595 846 consequi
629 798 784 846 possis3
822 801 878 841 et,
900 797 934 834 si
960 808 1026 834 res
1053 794 1297 834 facultatem
1324 793 1396 834 ha·

187 858 324 896 bitura
357 857 559 903 videatur,
588 863 636 896 ut
667 858 960 897 Alexandriam
993 863 1119 910 atque
1153 858 1395 910 Aegyptum

186 926 330 959 tenere
350 923 493 972 possis,
510 934 599 959 esse
620 927 664 959 et
684 927 782 959 tuae
804 927 847 959 et
867 923 995 960 nostri
1008 923 1153 972 imperi
1167 921 1395 973 dignitatis,

188 982 442 1021 Ptolemaide
463 989 536 1022 aut
556 983 691 1035 aliquo
710 986 938 1035 propinquo
958 983 1045 1022 loco
1063 996 1163 1035 rege
1183 982 1394 1029 collocabo,

185 1051 229 1084 te
249 1059 342 1084 cum
368 1045 496 1084 classe
521 1052 647 1097 atque
668 1049 852 1085 exercitu
870 1046 1067 1097 proficisci
1086 1045 1394 1093 Alexandriam,

184 1114 246 1154 ut,
284 1122 377 1147 cum
420 1121 512 1147 eam
553 1121 655 1160 pace
697 1109 992 1161 praesidiisque
1031 1109 1216 1155 firmatis,
1259 1107 1395 1147 Ptole-

184 1184 326 1209 maeus
359 1171 506 1210 redeat
533 1174 576 1209 in
607 1185 810 1223 regnum3
844 1174 904 1210 ita
935 1171 1037 1218 fore,
1069 1177 1118 1210 ut
1149 1184 1224 1223 per
1254 1176 1299 1210 te
1329 1183 1394 1210 re-

185 1237 396 1280 stituatur,
426 1234 774 1285 quemadmodum
803 1240 970 1273 senatus
1003 1237 1119 1272 initio
1147 1236 1321 1279 censuit,
1350 1238 1395 1272 et

186 1299 272 1334 sine
297 1296 562 1335 multitudine
588 1297 822 1343 reducatur,
842 1296 1190 1348 quemadmodum
1208 1296 1394 1335 homines

147 1366 168 1397 5
187 1359 364 1411 religiosi
419 1359 597 1412 Sibyllae
650 1359 812 1411 placere
866 1360 1073 1399 dixerunt.
1154 1358 1237 1398 Sed
1292 1358 1395 1398 haec

185 1424 394 1460 sententia
412 1425 468 1461 sic
487 1428 531 1461 et
548 1422 605 1460 illi
625 1428 669 1461 et
686 1423 802 1461 nobis
820 1423 1086 1474 probabatur,
1103 1427 1152 1461 ut
1170 1435 1223 1460 ex
1241 1426 1393 1460 eventu

186 1484 372 1523 homines
406 1485 458 1523 de
491 1490 565 1524 tuo
598 1485 763 1524 consilio
798 1488 1101 1524 existimaturos
1134 1484 1394 1531 videremus3

185 1550 218 1585 si
248 1547 477 1593 cecidisset,
507 1554 554 1586 ut
574 1548 767 1586 ‘volumus
798 1554 842 1586 et
871 1554 1074 1599 optamus,
1104 1559 1246 1586 omnes
1274 1552 1319 1586 te
1349 1551 1394 1585 et

186 1613 395 1661 sapienter
435 1616 479 1649 et
518 1609 695 1656 fortiter,
735 1613 797 1649 sin
838 1610 990 1662 aliquid
1030 1615 1140 1648 esset
1179 1608 1393 1655 offensum,

187 1673 354 1711 eosdem
382 1672 470 1711 illos
501 1679 545 1712 et
582 1673 729 1724 cupide
757 1679 802 1712 et
839 1679 997 1711 temere
1026 1671 1171 1711 fecisse
1200 1672 1394 1710 dicturos.

188 1735 325 1783 Quare
349 1736 448 1787 quid
471 1739 632 1787 assequi
655 1738 796 1787 possis,
819 1749 901 1774 non
923 1741 1011 1774 tam
1033 1734 1152 1773 facile
1176 1740 1240 1773 est
1262 1735 1392 1781 nobis,

188 1812 312 1849 quam
339 1799 429 1844 tibi,
457 1801 570 1837 cuius
597 1812 724 1850 prope
751 1801 794 1836 in
821 1803 1041 1850 conspectu
1069 1798 1287 1849 Aegyptus
1315 1802 1393 1844 est,

186 1861 380 1899 iudicare.
435 1861 518 1899 Nos
546 1862 713 1912 quidem
742 1861 818 1900 hoc
843 1864 1054 1906 sentimus,
1075 1862 1108 1899 si
1134 1859 1392 1911 exploratum

189 1924 265 1961 tibi
286 1926 352 1969 sit,
372 1937 491 1974 posse
511 1930 555 1962 te
574 1923 679 1962 illius
698 1926 815 1974 regni
834 1926 970 1974 potiri,
989 1937 1071 1961 non
1091 1935 1180 1961 esse
1200 1928 1394 1961 cunctan-

394 2029 410 2045 ⁰
435 2024 576 2067 Cyprus
593 2035 665 2059 was
682 2024 844 2058 annexed
862 2028 899 2058 to
916 2023 1039 2058 Cilicia
1055 2025 1092 2057 in
1107 2026 1154 2058 58
1171 2034 1237 2058 ffic-

192 2081 243 2114 30
