1442 2392
658 150 862 189 CICERO

721 296 798 334 XV

275 406 324 434 Μ.
350 408 389 433 Τ.
417 408 451 433 c.
481 407 569 432 ῙΜΡ.
597 406 629 432 s.
657 406 695 431 P.
723 406 764 430 n.
792 405 838 430 M.
865 405 1004 430 CAEmo
1031 405 1124 431 ΑΕΒ.
1153 405 1244 431 cun.
1310 439 1311 442 Ἰ
1356 384 1373 395 ”

593 479 712 518 Sidae,
731 490 837 511 A.U.C.
855 481 934 511 704.

113 565 128 600 l
211 559 303 597 Non
331 561 468 609 potuit
497 559 725 596 accuratius
755 558 821 608 agi
850 570 927 594 nec
954 556 1212 607 prudentius,
1241 569 1365 608 quam

160 620 224 652 est
251 619 389 652 actum
418 627 441 650 a
467 618 511 650 te
538 626 632 650 cum
659 612 834 650 Curione
862 611 914 648 de
941 610 1266 662 supplicatione:
1307 616 1366 657 et,

159 667 339 713 hercule,
374 665 563 706 confecta
598 680 662 704 res
699 679 751 703 ex
786 667 996 703 sententia
1030 678 1124 703 mea
1160 670 1238 711 est,
1273 679 1366 703 eum

160 723 388 767 celeritate,
414 727 504 759 tum
531 721 641 771 quod
666 722 714 766 is,
741 722 810 770 qui
838 725 928 757 erat
953 722 1095 764 iratus,
1121 722 1368 770 competitor

161 783 256 816 tuus
283 783 326 814 ct
351 776 461 814 idem
487 789 617 820 meus,
643 787 830 812 assensus
856 779 920 811 est
946 776 998 819 ei,
1024 776 1093 825 qui
1118 776 1278 812 ornavit
1301 786 1367 812 res

161 837 319 869 nostras
338 831 483 868 divinis
500 829 703 867 laudibus.
757 827 894 876 Quare
913 830 1015 866 scito
1034 841 1100 866 me
1119 841 1284 879 sperare
1303 841 1367 874 ea,

120 892 142 925 2
162 899 268 938 quae
293 890 549 936 sequuntur:
591 883 644 921 ad
669 896 775 934 quae
800 888 848 920 tu
874 888 917 920 te
942 895 1056 933 para.
1110 882 1367 921 Dolabellam

163 954 187 978 a
214 946 257 978 te
290 939 453 992 gaudeo
485 940 662 989 primum
694 937 865 982 laudari,
893 936 1043 975 deinde
1071 939 1199 975 etiam
1226 939 1367 975 amari.

163 995 269 1032 Nam
297 1007 360 1040 ea,
388 1006 495 1045 quae
522 1005 661 1043 speras
687 991 844 1029 Tulliae
870 1004 990 1029 meae
1017 990 1238 1042 prudentia
1264 996 1369 1030 tem-

162 1051 296 1100 perari
327 1061 460 1099 posse,
492 1050 588 1092 scio,
619 1049 684 1084 cui
715 1052 814 1084 tuae
846 1045 1047 1096 epistulae
1078 1045 1368 1096 respondeant.

164 1103 288 1151 Quid,
311 1105 343 1140 si
367 1115 503 1140 meam
526 1101 654 1152 legas,
678 1114 801 1151 quam
826 1112 904 1151 ego
927 1105 1017 1138 tum
1041 1112 1093 1138 ex
1116 1102 1198 1138 tuis
1220 1100 1368 1139 litteris

163 1160 254 1196 misi
295 1157 348 1195 ad
387 1156 602 1207 Appium?
657 1154 738 1193 Sed
779 1154 878 1206 quid
918 1154 1049 1206 agas?
1102 1153 1167 1193 Sic
1207 1157 1368 1194 vivitur.

163 1212 285 1260 Quod
300 1217 438 1250 actum
455 1216 532 1256 est,
548 1210 589 1248 di
605 1210 849 1260 approbent.
902 1208 1030 1259 Spero
1044 1207 1132 1246 fore
1146 1209 1370 1248 iucundum

163 1279 363 1318 generum
380 1266 495 1303 nobis
515 1277 524 1310 ;
555 1264 814 1314 multumque
831 1266 873 1300 in
891 1276 940 1301 eo
957 1268 1031 1301 tua
1047 1276 1120 1301 nos
1137 1258 1372 1316 humanitas„

116 1327 137 1359 3
164 1321 389 1360 adiuvabit.
442 1318 688 1369 Respublica
722 1331 788 1355 me
824 1317 942 1355 valde
977 1317 1182 1356 sollicitat.
1236 1317 1370 1357 Faveo

165 1375 358 1419 Curioni;
420 1373 638 1412 Caesarem
687 1372 906 1410 honestum
953 1384 1042 1410 esse
1090 1374 1236 1422 cupio:
1296 1367 1373 1424 pr&

214 1499 230 1516 ⁶
253 1494 286 1528 A
308 1494 445 1528 solemn
467 1492 727 1535 thanksgiving
748 1490 896 1525 decreed
917 1491 968 1533 by
983 1491 1044 1525 the
1065 1490 1208 1531 Senate,
1225 1491 1328 1526 when
1348 1502 1373 1526 a

170 1540 306 1580 victory
327 1537 399 1571 had
419 1537 510 1570 been
530 1547 622 1569 won.
672 1535 706 1568 It
725 1546 797 1568 was
818 1534 971 1568 Cicero’s
991 1534 1122 1568 second
1141 1535 1370 1585 supplicatio,

169 1582 230 1615 the
251 1581 327 1614 first
348 1581 483 1622 having
504 1580 594 1613 been
616 1578 765 1612 decreed
787 1578 862 1612 him
884 1578 987 1611 when
1009 1578 1054 1612 he
1075 1578 1289 1622 suppressed
1309 1578 1372 1612 the

171 1625 404 1659 Catilinarian
419 1623 740 1674 conspiracy-the
752 1622 829 1655 first
843 1624 1003 1655 instance
1014 1621 1056 1655 of
1066 1622 1155 1656 such
1169 1632 1217 1655 an
1232 1621 1373 1656 honour

170 1667 633 1750 beinglgffgrlllgerrffilgpggg
649 1666 940 1743 cbggrlianfilicero's
975 1710 1186 1751 competitor
1220 1708 1278 1743 for
1311 1689 1373 1743 the

170 1758 357 1842 augur-332,
383 1753 654 1831 anldhCaelius’s
677 1752 734 1830 Ἐξ
758 1753 818 1829 ull
843 1752 964 1828 cumhle
988 1751 1183 1795 aedileship
1221 1752 1268 1811 cf,-
1293 1753 1328 1786 ii.
1350 1754 1372 1786 9

175 1811 222 1832 an
347 1823 355 1831 .
476 1809 495 1831 e
527 1808 611 1830 man
643 1808 687 1830 W}
759 1808 791 1829 w
819 1807 877 1829 om
941 1806 959 1828 e
998 1799 1182 1830 “concurr
1239 1796 1249 1810 ⁹
1300 1804 1374 1830 was

179 1843 233 1876 M.
251 1843 352 1876 Cato.

221 1892 232 1906 ⁶
257 1886 327 1926 ia..
344 1897 366 1919 a
379 1884 551 1926 triumph,
568 1887 607 1917 to
622 1883 738 1917 which
754 1882 845 1917 Cato
862 1882 1036 1926 objeeted.
1367 1897 1369 1900 ⁴

216 1931 231 1951 ἆ
257 1929 439 1971 Probably
469 1930 541 1961 viii.
573 1930 606 1961 6.
637 1929 671 1966 2,
702 1926 839 1960 alludin
896 1930 932 1960 to
962 1926 1110 1960 Tullia's
1145 1925 1280 1969 having
1310 1925 1375 1966 left

174 1973 373 2011 Dolabella,
400 1971 473 2005 and
503 1971 564 2005 the
594 1969 729 2004 latter's
760 1970 833 2013 inju
863 1971 973 2003 icious
999 1969 1088 2003 talk.
1138 1969 1235 2003 Such
1262 1971 1291 2004 is
1313 1969 1376 2004 the

179 2020 272 2094 uftteir
297 2015 379 2092 lacik
406 2015 447 2049 of
468 2013 735 2056 chronological
761 2013 865 2047 order
889 2014 925 2046 in
952 2013 1013 2047 the
1039 2024 1098 2047 us.
1122 2023 1359 2056 arrangemen

176 2072 198 2095 o
228 2064 244 2094 t
269 2070 327 2093 ese
357 2063 474 2092 etters.

181 2117 255 2152 138

210 2328 268 2389 s
