1442 2392
685 138 888 178 CICERO

159 267 173 280 -ι
182 245 305 284 liceat
319 247 395 286 uti.
449 243 627 282 Lentulo
641 249 780 294 nostro
796 245 863 295 egi
876 254 952 294 per
963 243 1124 283 litteras
1137 249 1212 283 tuo
1224 238 1388 284 nomine

182 310 337 359 gratias
358 306 591 358 diligenter.
644 305 726 344 Sed
746 311 794 344 tu
814 305 937 344 velim
958 305 1119 345 desinas
1139 308 1222 345 iam
1241 309 1389 346 nostris

183 370 331 408 fitteris
349 372 425 415 uti,
444 374 488 407 et
506 382 578 407 nos
597 368 816 419 aliquando
832 370 998 415 revisas,
1017 374 1062 407 et
1077 369 1135 407 ibi
1152 368 1268 408 malis
1285 382 1389 416 esse,

167 432 254 470 ³ubi
281 431 417 483 aliquo
443 443 614 468 numero
640 433 708 477 sis,
735 443 860 482 quam
885 433 990 476 istic,
1017 430 1087 469 ubi
1113 431 1220 470 solus
1245 444 1389 483 sapere

168 491 363 533 ‘videare
417 492 693 544 Quamquam,
719 495 790 544 qui
814 495 935 532 istinc
960 495 1145 540 veniunt,
1169 496 1321 545 partim
1345 500 1390 534 te

166 561 168 563 ’
185 556 407 608 superbum
428 569 517 594 esse
537 555 693 601 dicunt,
713 555 824 606 quod
842 554 939 593 nihil
959 555 1223 607 respondeas,
1239 559 1390 608 partim

185 618 540 664 contumeliosum,
580 617 691 669 quod
729 617 836 656 male
875 618 1138 669 respondeas.
1155 654 1158 655 γ
1190 618 1273 658 Sed
1308 621 1391 658 iam

187 684 306 732 cupio
345 686 484 719 tecum
523 693 660 719 coram
697 682 834 719 iocari.
887 679 1027 728 Quare
1063 679 1144 727 fac,
1182 686 1230 720 ut
1267 694 1391 734 quam

187 746 364 794 primum
385 745 540 788 venias,
562 755 698 794 neque
720 745 762 780 in
785 742 979 793 Apuliam
1000 748 1117 781 tuam
1139 742 1324 790 accedas,
1344 750 1393 783 ut

186 808 387 856 possimus
434 805 591 843 salvum
638 807 796 843 venisse
843 805 1040 856 gaudere.
1093 805 1200 844 Nam
1245 805 1314 845 illo
1358 809 1392 845 si

183 867 342 903 veneris
362 870 449 903 tarn
470 864 627 910 Ulixes,
647 868 865 917 cognosces
884 870 1050 904 tuorum
1068 867 1290 906 neminem.

235 972 251 988 ⁰
274 967 397 1001 Cicero
414 967 518 1010 plays
537 978 584 1001 on
602 967 663 1001 the
679 971 750 1001 two
769 969 956 1011 meanings
974 969 1018 1001 of
1030 979 1163 1011 sapora,
1183 968 1235 1011 (1)
1255 968 1277 983 ‘⁸
1292 972 1330 1002 to
1346 967 1394 1003 be

186 1011 265 1045 well
281 1011 455 1046 educated
471 1011 693 1054 generally,”
711 1011 762 1054 (2)
781 1011 802 1025 “
818 1015 856 1045 to
872 1012 918 1045 be
933 1023 956 1045 a
973 1011 1008 1045 la
1066 1011 1142 1045 er.”
1338 1052 1341 1056 ,

236 1055 249 1076 ¹²
272 1055 508 1098 Respondem,
530 1055 582 1098 (l)
605 1054 626 1069 “
643 1059 680 1089 to
701 1066 839 1089 answer
859 1056 962 1089 when
983 1066 1049 1099 spo
1078 1067 1123 1090 en
1144 1055 1219 1095 to‚”
1242 1055 1295 1099 (2)
1315 1055 1393 1090 2“¹to

185 1100 267 1176 gixtrie
276 1111 304 1176 la
321 1099 615 1177 lieagaffpinionst’
664 1099 787 1177 Cice-ro
804 1099 949 1176 implief³
959 1099 1039 1177 tgalt
1054 1099 1220 1134 Valerius
1238 1101 1267 1134 is
1282 1099 1393 1134 either

186 1155 227 1176 ru
255 1155 274 1177 c
372 1154 403 1176 c1
446 1155 487 1176 rn
505 1154 541 1176 in
557 1154 727 1177 conversa
744 1155 814 1183 lon,
832 1155 872 1177 οι·
887 1155 909 1176 a
951 1154 973 1176 a
1028 1155 1083 1177 aw
1109 1155 1158 1177 er.
1336 1181 1338 1183 ,

180 1198 182 1201 ’
235 1192 247 1207 ⁶
271 1154 320 1221 SY)
336 1187 455 1230 Vesey
470 1187 670 1226 translates,
685 1188 785 1221 there
799 1187 909 1230 being
925 1198 972 1221 no
988 1154 1131 1221 needzo
1146 1187 1313 1246 question
1325 1184 1389 1221 'the

185 1231 333 1274 reading
346 1231 447 1274 (tam)
465 1232 507 1264 of
516 1231 585 1265 Ml.
635 1231 805 1273 Literally
821 1231 841 1245 ‘⁶
857 1231 944 1264 such
963 1242 985 1265 a
1006 1231 1162 1274 Ulysses.
1179 1231 1188 1245 ’
1236 1230 1391 1266 Aoeord:
