1442 2392
681 153 884 193 CICERO

130 264 151 295 5
178 259 328 295 mutari
356 259 466 294 enim
492 270 574 294 non
600 262 754 307 potest.
809 258 874 295 De
901 257 1044 296 Ocella
1068 271 1213 309 parum
1240 258 1293 298 ad
1317 270 1385 310 me

178 311 300 362 plane
315 314 546 362 scripseras,
562 316 606 349 et
619 314 661 348 in
677 315 778 350 actis
793 325 875 350 non
889 318 993 351 erat.
1033 311 1148 351 Tuae
1161 325 1226 352 res
1239 319 1385 364 gestae

178 369 238 404 ita
263 371 387 404 notae
413 371 524 411 sunt,
551 371 598 403 ut
623 371 737 404 trans
763 370 948 405 m'ontem
973 366 1153 405 Taurum
1179 370 1306 406 etiam
1331 367 1384 406 de

180 420 377 458 Matrinio
409 422 462 458 sit
493 420 695 458 auditum.
748 420 852 472 Ego,
883 423 960 459 nisi
991 421 1090 472 quid
1120 435 1187 460 me
1217 422 1385 462 Etesiae

177 475 460 520 morabuntur,
478 473 667 512 celeriter
684 474 748 526 (ut
765 475 901 527 spero)
919 489 988 514 vos
1006 475 1168 515 videbo.

733 665 830 703 XVI

296 780 343 807 M.
370 781 409 807 Τ.
437 782 471 807 C.
501 782 589 807 IMP.
617 782 649 807 S.
678 781 715 807 P.
744 781 784 808 D.
813 782 858 807 M.
888 783 1026 808 CAELIO
1052 783 1146 810 AED.
1173 783 1266 810 CUR-

554 871 596 904 In
614 872 789 911 Cumano,
808 883 915 905 A.U.c.
934 875 1012 906 705.

132 964 147 997 1
230 958 388 1009 Magno
405 957 544 995 dolore
562 971 629 995 me
648 956 880 996 affecissent
897 963 995 996 tuae
1013 957 1192 1005 litterae,
1210 961 1286 998 nisi
1302 962 1385 999 iam

177 1018 222 1051 et
241 1015 346 1050 ratio
367 1015 455 1062 ipsa
475 1011 701 1062 depulisset
721 1025 862 1050 omnes
883 1012 1106 1059 molestias,
1127 1019 1172 1052 et
1191 1014 1385 1053 diuturna

176 1067 464 1117 desperatione
490 1080 627 1103 rerum
653 1066 914 1105 obduruisset
939 1069 1098 1106 animus
1124 1068 1177 1106 ad
1202 1067 1384 1108 dolorem

177 1135 342 1159 novum.
395 1119 477 1159 Sed
514 1126 656 1158 tamen
695 1134 821 1171 quare
860 1121 1068 1167 acciderit,
1106 1127 1154 1160 ut
1192 1135 1244 1160 ex
1282 1125 1384 1162 meis

176 1175 450 1226 superioribus
494 1174 642 1213 litteris
684 1175 727 1212 id
769 1178 1035 1226 suspicarere,
1078 1176 1188 1227 quod
1230 1177 1385 1224 scribis,

176 1232 326 1268 nescio.
380 1228 490 1276 Quid
524 1231 633 1267 enim
666 1227 746 1267 fuit
777 1232 819 1266 in
851 1229 942 1275 illis,
975 1236 1142 1280 praeter
1173 1230 1384 1282 querelam

175 1290 423 1334 temporum,
441 1297 547 1334 quae
566 1297 647 1321 non
665 1286 845 1321 animum
863 1297 1002 1322 meum
1019 1287 1150 1335 magis
1166 1285 1383 1324 sollicitum

176 1337 363 1383 habent,1
378 1351 502 1388 quam
523 1338 670 1375 tuum?
726 1337 830 1375 Nam
852 1352 934 1376 non
955 1351 1047 1376 eam
1063 1342 1233 1390 cognovi
1253 1342 1383 1378 aciem

174 1395 314 1443 ingeni
343 1394 418 1437 tui,
448 1392 559 1442 quod
586 1394 674 1442 ipse
702 1392 878 1438 videam,
907 1398 951 1431 te
979 1392 1023 1431 id
1051 1398 1099 1432 ut
1128 1406 1210 1432 non
1237 1399 1383 1445 putem

175 1447 328 1485 videre.
382 1446 489 1484 Illud
527 1448 663 1491 miror,
703 1446 850 1484 adduci
888 1449 1070 1497 potuisse
1109 1452 1168 1493 te,
1206 1450 1277 1499 qui
1315 1460 1383 1487 me

174 1503 340 1552 penitus
370 1514 487 1539 nosse
517 1500 705 1546 deberes,
735 1506 782 1539 ut
810 1514 877 1538 me
908 1503 1164 1540 existimares
1193 1507 1267 1540 aut
1295 1507 1382 1541 tam

174 1555 460 1606 improvidum,
488 1557 558 1606 qui
586 1555 638 1593 ab
666 1557 847 1593 excitata
874 1554 1051 1594 fortunav
1066 1556 1119 1594 ad
1145 1555 1382 1595 inclinatam

176 1616 220 1648 et
230 1622 357 1660 prope
369 1612 575 1647 iacentem
587 1609 869 1655 desciscerem‚
882 1616 955 1648 aut
967 1615 1053 1649 tam
1063 1612 1382 1657 inconst-antem,

174 1670 223 1703 ut
232 1664 445 1702 collectam
457 1666 633 1715 gratiam
645 1663 918 1702 florentissimi
930 1663 1103 1703 hominis
1115 1663 1381 1712 effunderem,

547 1749 559 1768 ¹
583 1749 715 1783 Klotzz
747 1749 894 1783 haberet
910 1750 1010 1784 codd.

224 1873 239 1889 ⁰
262 1868 338 1901 The
355 1867 448 1901 Acta
465 1868 610 1906 diurna,
627 1867 688 1901 the
705 1871 727 1886 ‘⁶
742 1868 855 1901 Times
866 1868 888 1883 ’‘
905 1867 946 1902 of
960 1868 1086 1903 Rome.

180 1957 187 1964 ι
227 1911 241 1931 ⁶
264 1911 391 1945 Winds
404 1911 482 1945 that
493 1911 587 1944 blow
598 1910 692 1944 from
704 1911 764 1944 the
778 1911 883 1945 N.W.
896 1911 953 1945 for
963 1911 1060 1954 forty
1071 1911 1162 1955 days
1175 1913 1212 1946 in
1224 1922 1383 1957 summer

179 1966 214 1988 m
229 1954 588 2040 ‘'tlssolfetxliaenssolitical
608 1999 778 2031 situation
794 2009 852 2031 see
868 1998 1002 2032 Chron.
1022 1997 1124 2033 Sum.
1177 1998 1263 2032 This
1280 1998 1381 2033 letter

184 2043 213 2075 is
229 2043 265 2074 in
282 2052 418 2075 answer
434 2045 472 2075 bo
487 2041 660 2075 Caelius’s
677 2040 790 2080 letter,
807 2043 879 2074 viii.
901 2043 953 2075 16.

186 2098 260 2132 142
