1442 2392
697 138 900 178 CICERO

196 256 247 281 ea
287 243 503 288 meditere,
543 245 792 293 imparatum
834 247 877 280 te
920 241 1138 288 offendam,
1179 254 1398 294 coramque

194 319 337 352 contra
361 316 482 351 istam
508 315 725 358 rationem,
750 325 886 350 meam
912 311 1073 350 dicam:
1113 317 1162 350 ut
1187 317 1261 350 aut
1285 318 1330 351 te
1354 315 1398 351 in

193 397 328 421 mcam
346 385 596 421 sententiam
615 382 830 428 adducam,
848 387 921 420 aut
937 388 1050 420 certe
1068 387 1269 420 testatum
1287 381 1398 434 apud

193 457 374 492 animum
411 459 530 492 tuum
568 453 810 504 relinquam,
849 452 948 504 quid
986 455 1210 498 senserim3
1263 458 1324 500 ut,
1362 455 1396 492 si

193 524 357 575 quando
383 523 509 575 (quod
534 523 676 575 nolim)
702 523 915 574 displicere
941 523 1016 561 tibi
1042 522 1252 561 consilium
1276 529 1396 562 tuum

190 597 386 645 coeperit,
416 597 545 645 possis
576 607 716 632 meum
746 593 962 632 recordari.
1015 593 1135 631 Brevi
1165 599 1308 632 tamen
1338 596 1399 633 sic¹

191 665 358 711 habeto,
392 667 435 702 in
471 678 566 702 eum
602 670 758 703 statum
793 670 1027 715 temporum
1061 664 1394 703 tuumreditum

187 736 381 780 incidere,
398 741 445 773 ut
459 738 507 773 iis
523 735 654 781 bonis,
670 747 777 786 quae
793 735 868 773 tibi
885 740 1046 780 natura,
1062 733 1212 780 studio,
1228 732 1394 774 fortuna

187 806 287 844 data
314 811 425 851 sunt,
452 805 608 843 facilius
637 808 787 851 omnia,
815 818 922 856 quae
951 795 1047 843 sunt
1075 804 1322 855 amplissima
1347 808 1391 844 in

186 875 408 926 republica,
423 878 617 926 consequi
631 878 773 926 possis,
789 888 912 926 quam
927 875 1164 913 muneribus
1180 888 1190 921 3
1217 888 1390 926 quorum

185 959 321 997 neque
361 935 602 984 facultatem
642 948 858 997 quisquam
897 945 1122 983 admiratur
1160 945 1242 997 (est
1281 947 1390 986 enim

185 1019 407 1067 copiarum,
432 1030 514 1054 non
539 1016 745 1067 virtutis);
786 1029 920 1067 neque
946 1018 1163 1067 quisquam
1188 1021 1265 1062 est,
1291 1019 1389 1068 quin

184 1089 379 1125 satietate
403 1089 486 1124 iam
511 1085 695 1124 defessus
719 1088 786 1124 sit.
839 1085 920 1124 Sed
945 1085 1077 1131 aliter,
1103 1092 1228 1137 atque
1252 1092 1389 1126 osten-

183 1157 338 1202 deram,
358 1156 476 1202 facio,
497 1160 566 1208 qui
585 1156 792 1208 ingrediar
811 1156 863 1194 ad
884 1156 1167 1207 explicandam
1186 1159 1387 1197 rationem

181 1230 415 1266 sententiae
429 1240 562 1265 meae.
616 1227 753 1274 Quare
768 1240 932 1264 omnem
947 1226 1051 1265 hanc
1065 1227 1386 1278 disputationem

180 1300 223 1336 in
252 1298 475 1335 adventum
503 1303 622 1335 tuum
650 1296 805 1335 differo.
859 1297 1068 1335 Summam
1096 1300 1198 1336 scito
1226 1300 1287 1336 tui
1315 1311 1386 1337 ex-

180 1371 479 1418 spectationem
511 1381 615 1413 esse,
647 1380 780 1419 eaque
813 1381 836 1405 a
867 1373 912 1406 te
945 1370 1189 1418 exspectari,
1221 1381 1328 1420 quae
1357 1382 1384 1408 a

179 1452 339 1477 summa
356 1441 508 1476 virtute
524 1451 765 1489 summoque
782 1441 947 1489 ingenio
965 1438 1243 1489 exspectanda
1259 1445 1381 1487 sunt3

178 1509 232 1547 ad
255 1521 361 1560 quae
384 1511 417 1547 si
441 1521 498 1554 eS‚
521 1514 570 1547 ut
591 1509 733 1554 debes,
755 1514 922 1559 paratus
946 1508 1073 1560 (quod
1093 1511 1154 1547 ita
1177 1522 1266 1548 esse
1288 1523 1382 1549 con-

178 1579 290 1630 fido),
312 1579 494 1629 plurimis
517 1581 787 1630 maximisque
810 1579 1046 1617 muneribus
1069 1584 1114 1617 et
1135 1592 1208 1618 nos
1231 1582 1381 1619 amicos

177 1655 222 1687 et
236 1651 344 1687 cives
359 1655 452 1688 tuos
469 1651 675 1687 universos
692 1655 736 1687 et
750 1649 1043 1700 rempublicam
1059 1649 1235 1688 afficies:
1273 1649 1385 1690 Illud·

175 1732 394 1770 cognosces
423 1718 622 1770 profecto,
651 1719 750 1757 mihi
779 1725 823 1757 te
853 1733 988 1771 neque
1018 1722 1213 1758 cariorem
1242 1733 1378 1773 neque

175 1790 454 1828 iucundiorem
474 1803 562 1827 esse
582 1803 845 1840 quemquam.

528 1878 543 1893 ‘¹
568 1873 588 1886 “
606 1872 723 1914 Study
741 1873 760 1886 '’
780 1872 1035 1914 Shuckburgh.

314 1915 330 1939 δ
353 1917 408 1950 i.e.
426 1915 546 1960 public
564 1916 685 1959 proofs
702 1916 742 1949 of
755 1916 810 1949 his
826 1927 959 1960 energy
976 1915 1046 1950 and
1064 1917 1236 1961 capacity.

183 2087 235 2128 98
