1442 2392
104 1273 131 1313 >3

113 1422 135 1455 4

660 108 864 149 CICERO

160 212 213 262 Q.
232 213 408 259 Fufium,
427 215 638 252 tribunum
667 214 813 265 plebis,
837 220 881 253 et
909 220 1083 261 ceteros,
1111 215 1165 254 ad
1192 228 1301 268 quos
1314 221 1362 256 tin

159 287 389 335 scripseras,
408 297 599 336 cogerem
628 287 765 335 potius
795 284 894 322 mihi
926 285 1107 332 credere,
1129 299 1253 338 quam
1282 288 1364 326 tiu‘s

159 354 321 393 litteris.
375 354 553 393 Omnino
591 367 656 393 res
695 360 787 394 tota
824 357 867 393 in
905 369 1090 395 mensem
1130 332 1364 420 Ianuarium

159 428 314 464 reiecta
334 431 438 471 erat,
458 425 532 463 sed
551 424 670 463 facile
691 426 970 465 obtinebatur.
1023 426 1113 478 Ego
1133 433 1209 466 tua
1225 434 1365 479 gratu-

159 495 313 534 latione
345 501 587 542 commotus,
619 495 730 547 quod
762 496 815 534 ad
845 510 912 535 me
943 497 1103 548 pridem
1134 497 1364 550 scripseras,

161 566 264 605 velle
278 572 321 605 te
335 567 443 604 bene
456 569 633 612 evenire,
642 566 752 618 quod
764 567 816 605 de
831 566 975 606 Crasso
988 568 1156 607 domum
1163 554 1365 621 emissem,

161 640 243 676 emi
280 650 372 676 eam
409 640 541 688 ipsam
578 637 746 676 domum
778 637 847 676 HS
879 652 1003 685 xxxv,
1031 638 1249 691 aliquanto
1270 646 1365 691 post

160 714 276 747 tuam
298 708 632 759 gratulationem.
686 709 835 760 Itaque
858 722 966 747 nune
987 722 1054 748 me
1076 713 1179 749 scito
1199 711 1364 750 tanturn

160 778 313 817 habere
353 781 457 817 aeris
497 778 633 826 alieni,
673 785 720 817 ut
758 782 920 830 cupiam
959 783 1184 827 coniurare,
1223 784 1256 819 si
1295 795 1363 840 qm

160 852 359 900 reeipiat3
396 850 470 888 sed
496 853 647 901 partim
676 850 769 888 odio
794 850 951 889 inducti
973 864 1040 889 me
1069 851 1294 891 excludunt
1320 859 1365 892 et

160 926 303 971 aperte
334 920 535 958 vindicem
565 923 853 958 coniurationis
883 921 1073 968 oderunt,
1102 925 1254 973 partim
1283 937 1365 962 non

159 991 347 1036 credunt,
377 996 422 1029 et
452 1004 477 1029 a
506 1003 574 1029 me
603 991 769 1030 insidias
798 997 1007 1038 metuunt,
1038 1005 1114 1030 nee
1143 999 1296 1043 putant
1326 997 1364 1033 ei

159 1075 347 1100 nummos
368 1061 511 1100 deesse
532 1074 667 1112 posse,
689 1064 758 1113 qui
780 1075 832 1100 ex
854 1062 1064 1101 obsidione
1085 1061 1364 1105 foeneratores

161 1135 376 1171 exemerit.
429 1131 608 1171 Omnino
651 1133 885 1171 semissibus
930 1146 1081 1185 magna
1125 1137 1242 1186 eopia
1286 1142 1364 1176 est.

161 1203 251 1255 Ego
273 1209 415 1241 autem
437 1206 538 1241 meis
561 1204 682 1241 rebus
704 1206 832 1255 gestis
856 1203 932 1242 hoc
954 1218 1045 1243 sum
1067 1212 1298 1257 assecutus„
1315 1213 1364 1246 ut

158 1275 311 1313 bonum
329 1287 480 1312 nomen
497 1276 722 1313 existimer.
775 1274 956 1313 Domum
974 1281 1090 1314 tuam
1107 1282 1235 1328 atque
1253 1277 1364 1317 aedi-

161 1345 394 1383 ficationem
413 1358 577 1383 omnem
604 1347 810 1396 perspexi,
829 1351 874 1384 et
896 1345 1165 1385 vehementer
1181 1347 1364 1398 probavi.

160 1416 402 1461 Antonium,
427 1418 505 1454 etsi
530 1418 616 1454 eius
640 1418 683 1453 in
707 1429 773 1454 me
797 1416 926 1454 officia
950 1430 1091 1456 omnes
1115 1416 1365 1469 desiderant,

160 1492 304 1526 tamen
318 1489 362 1524 in
377 1492 525 1525 senatu
539 1489 776 1538 gravissime
794 1500 841 1525 ae
857 1487 1167 1539 diligentissime
1183 1489 1364 1538 defendi,

160 1563 434 1608 senatumque
451 1556 720 1595 vehementer
736 1560 920 1596 oratione
938 1571 1031 1596 mea
1048 1564 1175 1610 atque
1192 1564 1365 1600 auctori'-

162 1635 251 1667 tate
286 1630 500 1666 eo'mmovi.
551 1627 613 1666 Tu
649 1628 702 1666 ad
735 1641 802 1666 me
838 1628 959 1666 velim
993 1628 1152 1668 litteras
1186 1632 1364 1675 crebrius

161 1702 317 1738 mittas.

210 1832 226 1848 ⁸
248 1829 434 1865 3,500‚000
450 1829 636 1865 sesterces;
661 1837 683 1859 a
700 1826 795 1869 huge
810 1837 902 1866 sum,
919 1830 982 1861 not
996 1826 1063 1860 less
1080 1828 1166 1862 than
1182 1829 1349 1869 5:30,ooo.

211 1871 224 1891 δ
247 1870 323 1903 The
351 1869 596 1908 Catilinarian,
624 1870 684 1903 the
711 1870 828 1913 object
854 1871 894 1903 of
918 1871 1033 1904 which
1062 1882 1145 1910 was,
1171 1883 1212 1906 as
1240 1874 1363 1909 Cicero

165 1914 299 1955 always
323 1912 555 1951 maintained,
579 1916 616 1946 to
639 1913 750 1946 evade
773 1913 832 1946 the
860 1918 1032 1956 payment
1055 1914 1095 1947 of
1114 1915 1229 1949 debts.
1288 1917 1363 1953 The

165 1956 452 1998 money-leaders
468 1956 643 1990 therefore
659 1956 732 1989 had
749 1967 874 1990 reason
892 1960 928 1990 to
946 1957 990 1991 be
1005 1957 1160 1998 grateful
1176 1962 1214 1992 to
1230 1959 1318 1993 him.

234 2006 247 2023 ⁰
272 2004 312 2037 C.
332 2005 519 2038 Antonius.
570 2004 636 2039 See
653 2005 721 2048 Ep.
739 2018 771 2039 v.
938 2006 954 2026 ά
979 2006 999 2020 “
1017 2007 1047 2039 Α
1066 2006 1161 2049 good
1175 2004 1301 2040 debt.”

165 2059 244 2093 344
