1442 2392
642 162 846 204 CICERO

142 269 209 306 vix
252 269 336 306 iam
379 267 480 319 quid
523 268 699 306 audeam
744 274 903 319 optare.
956 269 1028 307 Sin
1071 275 1213 309 autem
1256 271 1348 318 tibi,

141 321 296 360 homini
307 322 640 373 prudentissimo,
654 322 817 361 videtur
836 323 938 361 utile
957 337 1061 371 esse,
1074 338 1147 364 nos
1159 325 1347 377 colloqui,

141 389 392 428 quamquam
422 376 583 428 longius
614 379 742 415 etiam
773 378 1007 429 cogitabam
1038 379 1091 417 ab
1123 379 1238 418 Urbe
1268 380 1350 419 dis-

139 431 303 477 cedere,
321 433 435 469 cuius
452 434 536 468 iam
553 433 680 469 etiam
705 445 857 470 nomen
880 435 1032 471 invitus
1054 433 1190 480 audio,
1206 440 1349 473 tamen

140 488 306 536 propius
327 485 535 523 accedam.
587 485 864 538 Trebatioque
885 487 1090 534 mandavi,
1112 493 1174 535 ut,
1194 491 1228 527 si
1249 488 1349 540 quid

140 545 189 578 tu
215 553 311 577 eum
335 539 461 577 velles
488 539 540 577 ad
565 553 632 578 me
658 543 842 586 mittere,
867 554 920 579 ne
946 548 1184 588 recusaret3
1221 543 1349 594 idque

141 599 189 631 ut
205 592 346 639 facias,
362 593 485 631 velim
503 606 513 639 ;
546 600 633 646 aut,
649 597 682 632 si
701 608 826 646 quem
842 601 1008 633 tuorum
1025 596 1208 635 fidelium
1223 597 1349 644 voles,

142 648 195 686 ad
212 661 279 686 me
298 650 440 686 mittas
458 660 469 693 ;
501 661 554 686 ne
573 654 647 686 aut
664 650 740 687 tibi
759 652 871 687 exire
891 663 943 688 ex
963 650 1078 689 Urbe
1095 664 1263 690 necesse
1280 653 1349 698 sit,

142 708 216 740 aut
229 702 329 740 mihi
344 702 554 741 accedere.
606 703 697 755 Ego
711 709 877 742 tantum
891 705 968 742 tibi
982 705 1132 751 tribuo,
1147 711 1350 757 quantum

141 756 242 794 mihi
268 755 442 795 fortasse
471 770 630 808 arrogo,
652 764 700 796 ut
728 758 987 808 exploratum
1014 758 1205 806 habeam,
1233 760 1350 812 quid⁴

142 811 242 862 quid
259 824 332 849 nos
350 811 403 849 de
417 814 623 849 communi
636 815 846 851 sententia
858 816 1139 861 statuerimus,
1150 813 1194 853 id
1204 827 1350 854 omnes

142 864 328 904 homines
345 866 605 917 probaturos.

724 1071 768 1111 II

425 1187 472 1214 M.
499 1187 538 1214 Τ.
566 1189 600 1215 C.
628 1188 661 1214 S.
689 1189 729 1215 D.
756 1189 843 1216 SER.
869 1190 1048 1217 SULPICIO

518 1278 561 1312 In
578 1279 754 1319 Cumano,
772 1292 879 1314 A.u.c.
898 1284 976 1315 ¹705.

95 1369 114 1403 1
194 1363 246 1402 A.
284 1364 324 1403 d.
363 1378 427 1403 111.
468 1365 560 1404 Kal.
600 1366 864 1405 Maiascum
902 1381 1035 1406 essem
1070 1370 1114 1407 in
1151 1368 1349 1417 Cumano,

142 1421 281 1469 accepi
301 1425 394 1458 tuas
415 1419 574 1458 litteras
593 1433 603 1467 3
639 1421 786 1472 quibus
806 1421 923 1461 lectis
943 1426 1128 1475 cognovi,
1149 1438 1231 1462 non
1250 1427 1349 1463 satis

140 1473 368 1523 prudenter
412 1473 558 1512 fecisse
605 1474 883 1522 Philotimum,
930 1479 1000 1528 qui
1046 1491 1140 1516 cum
1186 1479 1258 1517 abs
1304 1484 1349 1518 te

141 1528 339 1566 mandata
378 1527 566 1574 haberet,
608 1535 655 1567 ut
695 1530 849 1576 scribis,
890 1530 943 1569 de
984 1533 1172 1571 omnibus
1211 1533 1348 1579 rebus,

139 1583 228 1631 ipse
248 1582 301 1620 ad
319 1595 386 1620 me
406 1596 488 1621 non
507 1586 700 1630 venisset,
718 1584 878 1622 litteras
897 1591 990 1623 tuas
1009 1588 1187 1625 misisset
1203 1599 1214 1632 3
1247 1597 1348 1639 quas

139 1636 326 1674 intellexi
369 1637 574 1675 breviores
618 1637 757 1684 fuisse,
801 1639 912 1690 quod
955 1653 1051 1678 eum
1093 1641 1348 1692 perlaturum

139 1696 343 1740 putasses.
395 1690 478 1729 Sed
506 1697 662 1738 tamen,
691 1698 911 1744 postquam
940 1693 1099 1733 litteras
1129 1700 1222 1734 tuas
1250 1695 1347 1747 legi,

142 1743 352 1782 Postumia
380 1751 454 1783 tua
482 1759 550 1784 me
579 1750 771 1785 convenit
801 1753 845 1786 et
874 1747 1035 1787 Servius
1065 1755 1218 1788 noster.
1272 1749 1347 1789 His

139 1798 307 1848 placuit,
341 1805 389 1837 ut
422 1805 469 1837 tu
501 1803 544 1837 in
578 1800 807 1840 Cumanum
841 1805 1028 1849 venires;
1077 1803 1187 1854 quod
1220 1806 1347 1842 etiam

91 1857 113 1888 2
139 1865 315 1899 mecum,
341 1859 389 1892 ut
413 1853 466 1892 ad
491 1860 534 1892 te
560 1855 793 1902 scriberem,
820 1862 1008 1907 egerunt.
1062 1857 1184 1905 Quod
1208 1871 1346 1912 meum¹

165 2002 215 2073 d⁰d
229 1998 306 2031 The
311 2009 385 2074 ἔοι]
401 1998 442 2032 of
460 1999 521 2032 the
543 1999 686 2033 Servius
708 1999 887 2042 Sulpicius
908 2004 946 2034 to
965 2001 1082 2034 whom
1105 2002 1174 2036 this
1196 2003 1298 2037 letter
1314 2005 1345 2038 is

142 2051 164 2073 a
217 2052 309 2075 resse
338 2065 346 2074 .

145 2097 223 2131 250
