1442 2392
684 123 888 163 CICERO

183 235 383 276 vetustas,
405 242 533 275 amor,
555 229 825 275 consuetudo,
847 229 985 268 studia
1005 231 1149 280 paria3
1171 229 1284 282 quod
1305 232 1391 269 vin-

183 301 291 340 clum
329 299 516 353 (quaeso)
553 299 673 338 deest
709 305 875 338 nostrae
912 299 1219 339 coniunctioni?
1294 299 1390 340 Pus-³

184 384 378 412 sumusne
400 374 527 423 igitur
550 383 639 409 esse
663 371 778 408 una?
822 369 909 409 Nec
926 370 1160 410 mehercule
1179 370 1391 425 intellego,

185 443 285 496 quid
311 442 526 494 impediat.
578 441 661 480 Sed
689 447 802 480 certe
833 441 966 480 adhuc
994 455 1077 481 non
1104 441 1270 489 fuimus,
1298 426 1391 483 eum

185 527 367 554 essemus
379 516 500 552 vicini
511 515 555 551 in
566 512 810 558 Tusculano,
822 515 865 550 in
879 512 1121 553 Puteolano.
1174 513 1280 552 Nam
1293 513 1391 566 quid

185 586 319 624 dicam
345 587 388 623 in
417 584 564 623 Urbe?
606 586 650 622 in
677 597 772 636 qua,
800 597 893 622 cum
920 583 1054 623 forum
1081 597 1297 623 commune
1323 586 1391 631 sit,

185 659 371 695 vicinitas
395 669 477 694 non
499 657 734 706 requiritur.
787 654 870 693 Sed
893 669 989 693 casu
1013 657 1149 693 nescio
1173 668 1254 707 quo
1276 657 1320 693 in
1343 640 1394 694 ea

185 733 374 778 tempora
392 732 532 764 nostra
550 732 665 764 aetas
683 725 841 771 incidit,
860 731 920 772 ut,
939 739 1032 764 cum
1051 728 1230 764 maxime
1248 725 1392 764 florere

186 812 259 837 nos
297 802 523 849 oporteret,
560 802 651 835 tum
689 799 824 834 vivere
864 799 991 834 etiam
1028 797 1220 848 puderet.
1273 796 1394 845 Quod

187 872 297 908 enim
342 868 442 906 mihi
486 873 653 918 poterat
699 880 789 905 esse
835 866 1084 919 perfugium,
1130 867 1304 918 spoliato
1350 872 1394 906 et

185 940 419 979 domesticis
447 944 491 977 et
517 937 746 976 forensibus
773 940 1025 976 ornamentis
1052 943 1179 990 atque
1207 937 1393 976 solatiis?

189 1011 390 1055 Litterae,
425 1009 562 1055 credo,
598 1009 745 1060 quibus
781 1014 875 1046 utor
911 1008 1100 1054 assidue3
1151 1008 1251 1060 quid
1286 1011 1395 1048 enim

188 1081 299 1121 aliud
327 1080 464 1119 faeere
494 1080 693 1131 possum?
739 1078 835 1125 Sed,
866 1081 1003 1118 nescio
1033 1078 1252 1131 quomodo,
1281 1081 1395 1130 ipsae

186 1152 280 1191 illae
306 1151 525 1190 excludere
549 1163 616 1188 me
643 1164 667 1188 a
691 1156 814 1201 portu
839 1155 884 1188 et
907 1148 1327 1202 perfugiovidentur,
1351 1155 1396 1189 et

188 1225 304 1275 quasi
331 1222 593 1273 exprobrare,
620 1221 731 1272 quod
756 1223 800 1258 in
827 1233 877 1259 ea
903 1223 988 1258 vita
1014 1233 1219 1266 maneam,
1245 1222 1288 1258 in
1314 1231 1397 1272 qua

187 1293 288 1332 nihil
310 1295 422 1338 insit,
446 1294 523 1330 nisi
547 1294 790 1343 propagatio
815 1293 1030 1329 miserrimi
1054 1293 1264 1342 temporis.
1317 1290 1397 1331 Hic

187 1371 236 1405 tu
263 1378 313 1402 ea
338 1377 406 1402 me
434 1364 578 1402 abesse
607 1362 721 1401 Urbe
748 1365 920 1408 miraris,
945 1364 989 1400 in
1015 1375 1098 1414 qua
1124 1362 1268 1400 domus
1296 1360 1396 1400 nihil

188 1435 396 1474 delectare
438 1436 580 1485 possit,
623 1447 828 1472 summum
871 1435 924 1471 sit
966 1432 1105 1471 odium
1148 1438 1395 1484 temporum,

187 1506 412 1551 hominum,
441 1504 532 1551 fori,
561 1505 730 1543 curiae?
776 1493 925 1555 Itaque
955 1505 1011 1542 sic
1039 1503 1188 1542 litteris
1218 1509 1324 1550 utor,
1352 1505 1395 1542 in

187 1578 335 1629 quibus
354 1589 548 1615 consumo
568 1588 690 1613 omne
709 1580 889 1625 tempus,
908 1587 991 1612 non
1010 1579 1058 1612 ut
1077 1574 1130 1612 ab
1149 1573 1211 1612 his
1229 1573 1396 1613 medici·

187 1661 283 1686 nam
306 1652 567 1698 perpetuam,
591 1645 665 1683 sed
689 1651 736 1683 ut
761 1647 954 1696 exiguam
978 1644 1126 1683 doloris
1150 1643 1396 1683 oblivionem

187 1724 343 1770 petam.
397 1717 519 1765 Quod
545 1718 577 1754 si
603 1716 646 1754 id
673 1718 912 1767 egissemus,
938 1728 1016 1767 ego
1043 1720 1170 1767 atque
1197 1719 1258 1761 tu,
1285 1707 1396 1767 quod

188 1802 240 1827 ne
267 1792 310 1826 in
335 1794 521 1826 mentem
548 1786 716 1838 quidem
743 1787 859 1824 nobis
886 1786 1082 1824 veniebat
1106 1790 1277 1836 propter
1295 1798 1396 1837 quo-

187 1859 364 1898 tidianos
386 1864 536 1903 metus,
558 1870 679 1895 omne
702 1862 867 1907 tempus
889 1869 971 1894 una
991 1855 1209 1894 fuissemus
1227 1868 1237 1902 ;
1259 1867 1395 1908 neque

186 1943 253 1968 me
277 1929 471 1967 valetudo
493 1934 568 1967 tua
589 1926 832 1973 offenderet,
855 1939 991 1978 neque
1014 1931 1058 1964 te
1081 1938 1242 1964 maeror
1264 1939 1394 1966 meus.

240 2038 255 2053 ⁶
279 2033 332 2066 To
349 2033 465 2066 which
484 2032 657 2065 Lucceius
674 2030 783 2064 refers
800 2032 837 2064 in
854 2033 871 2070 ἕ
888 2033 902 2064 1
923 2029 964 2064 of
977 2029 1038 2063 the
1054 2028 1249 2073 preceding
1264 2028 1376 2064 letter.

194 2088 273 2125 888
