<?xml version="1.0" encoding="UTF-8"?>
<!DOCTYPE html PUBLIC "-//W3C//DTD XHTML 1.0 Transitional//EN"
    "http://www.w3.org/TR/xhtml1/DTD/xhtml1-transitional.dtd">
<html xmlns="http://www.w3.org/1999/xhtml" xml:lang="en" lang="en">
 <head>
  <title>
</title>
<meta http-equiv="Content-Type" content="text/html;charset=utf-8" />
  <meta name='ocr-system' content='tesseract 3.04.00' />
  <meta name='ocr-capabilities' content='ocr_page ocr_carea ocr_par ocr_line ocrx_word'/>
</head>
<body>
  <div class='ocr_page' id='page_1' title='image "./letterstohisfrie01ciceuoft_0310.png"; bbox 0 0 1442 2392; ppageno 0'>
   <div class='ocr_carea' id='block_1_1' title="bbox 639 136 843 176">
    <p class='ocr_par' dir='ltr' id='par_1_1' title="bbox 639 136 843 176">
     <span class='ocr_line' id='line_1_1' title="bbox 639 136 843 176; baseline -0.005 0"><span class='ocrx_word' id='word_1_1' title='bbox 639 136 843 176; x_wconf 87' lang='lat' dir='ltr'>CICERO</span> 
     </span>
    </p>
   </div>
   <div class='ocr_carea' id='block_1_2' title="bbox 139 237 1341 616">
    <p class='ocr_par' dir='ltr' id='par_1_2' title="bbox 139 237 1341 616">
     <span class='ocr_line' id='line_1_2' title="bbox 139 237 1338 294; baseline -0.004 -13"><span class='ocrx_word' id='word_1_2' title='bbox 139 242 247 281; x_wconf 83' lang='lat' dir='ltr'><strong>ferre</strong></span> <span class='ocrx_word' id='word_1_3' title='bbox 268 255 401 294; x_wconf 87' lang='lat' dir='ltr'><strong>posse,</strong></span> <span class='ocrx_word' id='word_1_4' title='bbox 422 255 557 293; x_wconf 90' lang='lat' dir='ltr'><strong>neque</strong></span> <span class='ocrx_word' id='word_1_5' title='bbox 579 242 622 280; x_wconf 93' lang='lat' dir='ltr'><strong>id</strong></span> <span class='ocrx_word' id='word_1_6' title='bbox 642 244 787 286; x_wconf 81' lang='lat' dir='ltr'><strong>maius,</strong></span> <span class='ocrx_word' id='word_1_7' title='bbox 809 253 932 291; x_wconf 89' lang='lat' dir='ltr'><strong>quam</strong></span> <span class='ocrx_word' id='word_1_8' title='bbox 954 239 1121 284; x_wconf 88' lang='lat' dir='ltr'><strong>debeat,</strong></span> <span class='ocrx_word' id='word_1_9' title='bbox 1141 237 1217 277; x_wconf 86' lang='lat' dir='ltr'><strong>tibi</strong></span> <span class='ocrx_word' id='word_1_10' title='bbox 1237 251 1338 277; x_wconf 81' lang='lat' dir='ltr'><strong>onus</strong></span> 
     </span>
     <span class='ocr_line' id='line_1_3' title="bbox 141 303 1340 353; baseline -0.005 -7"><span class='ocrx_word' id='word_1_11' title='bbox 141 309 283 353; x_wconf 89' lang='lat' dir='ltr'><strong>videri,</strong></span> <span class='ocrx_word' id='word_1_12' title='bbox 302 321 353 346; x_wconf 92' lang='lat' dir='ltr'><strong>ne</strong></span> <span class='ocrx_word' id='word_1_13' title='bbox 374 321 425 346; x_wconf 86' lang='lat' dir='ltr'><strong>ex</strong></span> <span class='ocrx_word' id='word_1_14' title='bbox 445 307 631 345; x_wconf 89' lang='lat' dir='ltr'><strong>omnibus</strong></span> <span class='ocrx_word' id='word_1_15' title='bbox 652 306 869 344; x_wconf 85' lang='lat' dir='ltr'><strong>virtutibus</strong></span> <span class='ocrx_word' id='word_1_16' title='bbox 890 304 990 342; x_wconf 92' lang='lat' dir='ltr'><strong>haec</strong></span> <span class='ocrx_word' id='word_1_17' title='bbox 1010 317 1091 342; x_wconf 89' lang='lat' dir='ltr'><strong>una</strong></span> <span class='ocrx_word' id='word_1_18' title='bbox 1110 303 1186 342; x_wconf 87' lang='lat' dir='ltr'><strong>tibi</strong></span> <span class='ocrx_word' id='word_1_19' title='bbox 1204 303 1340 341; x_wconf 80' lang='lat' dir='ltr'><strong>videa-</strong></span> 
     </span>
     <span class='ocr_line' id='line_1_4' title="bbox 140 371 1340 425; baseline -0.006 -8"><span class='ocrx_word' id='word_1_20' title='bbox 140 383 210 417; x_wconf 82' lang='lat' dir='ltr'><strong>tur</strong></span> <span class='ocrx_word' id='word_1_21' title='bbox 234 379 392 417; x_wconf 82' lang='lat' dir='ltr'><strong>deesse.</strong></span> <span class='ocrx_word' id='word_1_22' title='bbox 445 377 565 425; x_wconf 84' lang='lat' dir='ltr'><strong>Quod</strong></span> <span class='ocrx_word' id='word_1_23' title='bbox 592 377 645 414; x_wconf 89' lang='lat' dir='ltr'><strong>ad</strong></span> <span class='ocrx_word' id='word_1_24' title='bbox 670 389 737 414; x_wconf 90' lang='lat' dir='ltr'><strong>me</strong></span> <span class='ocrx_word' id='word_1_25' title='bbox 764 378 930 421; x_wconf 81' lang='lat' dir='ltr'><strong>attinet,</strong></span> <span class='ocrx_word' id='word_1_26' title='bbox 956 380 1119 413; x_wconf 83' lang='lat' dir='ltr'><strong>cum&#39;te</strong></span> <span class='ocrx_word' id='word_1_27' title='bbox 1144 371 1340 425; x_wconf 84' lang='lat' dir='ltr'><strong>tranquil-</strong></span> 
     </span>
     <span class='ocr_line' id='line_1_5' title="bbox 141 437 1339 492; baseline -0.006 -10"><span class='ocrx_word' id='word_1_28' title='bbox 141 443 284 482; x_wconf 91' lang='lat' dir='ltr'><strong>liorem</strong></span> <span class='ocrx_word' id='word_1_29' title='bbox 313 446 448 481; x_wconf 88' lang='lat' dir='ltr'><strong>animo</strong></span> <span class='ocrx_word' id='word_1_30' title='bbox 479 455 567 480; x_wconf 91' lang='lat' dir='ltr'><strong>esse</strong></span> <span class='ocrx_word' id='word_1_31' title='bbox 598 455 787 492; x_wconf 88' lang='lat' dir='ltr'><strong>cognoro,</strong></span> <span class='ocrx_word' id='word_1_32' title='bbox 817 440 869 479; x_wconf 91' lang='lat' dir='ltr'><strong>de</strong></span> <span class='ocrx_word' id='word_1_33' title='bbox 898 442 946 478; x_wconf 89' lang='lat' dir='ltr'><strong>iis</strong></span> <span class='ocrx_word' id='word_1_34' title='bbox 975 439 1111 484; x_wconf 90' lang='lat' dir='ltr'><strong>rebus,</strong></span> <span class='ocrx_word' id='word_1_35' title='bbox 1141 450 1247 490; x_wconf 86' lang='lat' dir='ltr'><strong>quae</strong></span> <span class='ocrx_word' id='word_1_36' title='bbox 1274 437 1339 476; x_wconf 87' lang='lat' dir='ltr'><strong>hic</strong></span> 
     </span>
     <span class='ocr_line' id='line_1_6' title="bbox 141 503 1341 560; baseline -0.005 -13"><span class='ocrx_word' id='word_1_37' title='bbox 141 514 355 560; x_wconf 88' lang='lat' dir='ltr'><strong>geruntur,</strong></span> <span class='ocrx_word' id='word_1_38' title='bbox 391 507 819 558; x_wconf 87' lang='lat' dir='ltr'><strong>quemadmodumque</strong></span> <span class='ocrx_word' id='word_1_39' title='bbox 855 518 899 544; x_wconf 89' lang='lat' dir='ltr'><strong>se</strong></span> <span class='ocrx_word' id='word_1_40' title='bbox 934 506 1140 557; x_wconf 85' lang='lat' dir='ltr'><strong>provincia</strong></span> <span class='ocrx_word' id='word_1_41' title='bbox 1174 503 1341 548; x_wconf 83' lang='lat' dir='ltr'><strong>habeat,</strong></span> 
     </span>
     <span class='ocr_line' id='line_1_7' title="bbox 145 571 708 616; baseline -0.005 -3"><span class='ocrx_word' id='word_1_42' title='bbox 145 576 362 616; x_wconf 84' lang='lat' dir='ltr'><strong>certiorem</strong></span> <span class='ocrx_word' id='word_1_43' title='bbox 379 572 540 611; x_wconf 80' lang='lat' dir='ltr'><strong>faciam.</strong></span> <span class='ocrx_word' id='word_1_44' title='bbox 593 571 708 610; x_wconf 83' lang='lat' dir='ltr'><strong>Vale.</strong></span> 
     </span>
    </p>
   </div>
   <div class='ocr_carea' id='block_1_3' title="bbox 714 888 772 926">
    <p class='ocr_par' dir='ltr' id='par_1_3' title="bbox 714 888 772 926">
     <span class='ocr_line' id='line_1_8' title="bbox 714 888 772 926; baseline 0 0"><span class='ocrx_word' id='word_1_45' title='bbox 714 888 772 926; x_wconf 94' lang='lat' dir='ltr'><strong>VI</strong></span> 
     </span>
    </p>
   </div>
   <div class='ocr_carea' id='block_1_4' title="bbox 426 1007 1046 1035">
    <p class='ocr_par' dir='ltr' id='par_1_4' title="bbox 426 1007 1046 1035">
     <span class='ocr_line' id='line_1_9' title="bbox 426 1007 1046 1035; baseline -0.002 0"><span class='ocrx_word' id='word_1_46' title='bbox 426 1009 472 1035; x_wconf 86' lang='lat' dir='ltr'><strong>M.</strong></span> <span class='ocrx_word' id='word_1_47' title='bbox 498 1009 538 1035; x_wconf 82' lang='lat' dir='ltr'><strong>T.</strong></span> <span class='ocrx_word' id='word_1_48' title='bbox 564 1009 599 1034; x_wconf 85' lang='lat' dir='ltr'><strong>C.</strong></span> <span class='ocrx_word' id='word_1_49' title='bbox 626 1008 659 1034; x_wconf 84' lang='lat' dir='ltr'><strong>S.</strong></span> <span class='ocrx_word' id='word_1_50' title='bbox 687 1009 727 1034; x_wconf 90' lang='lat' dir='ltr'><strong>D.</strong></span> <span class='ocrx_word' id='word_1_51' title='bbox 755 1008 841 1034; x_wconf 77' lang='lat' dir='ltr'><strong>SER.</strong></span> <span class='ocrx_word' id='word_1_52' title='bbox 869 1007 1046 1034; x_wconf 80' lang='lat' dir='ltr'><strong>SULPICIO</strong></span> 
     </span>
    </p>
   </div>
   <div class='ocr_carea' id='block_1_5' title="bbox 551 1099 937 1137">
    <p class='ocr_par' dir='ltr' id='par_1_5' title="bbox 551 1099 937 1137">
     <span class='ocr_line' id='line_1_10' title="bbox 551 1099 937 1137; baseline -0.003 -5"><span class='ocrx_word' id='word_1_53' title='bbox 551 1099 716 1137; x_wconf 83' lang='lat' dir='ltr'><strong>Asturae,</strong></span> <span class='ocrx_word' id='word_1_54' title='bbox 733 1109 840 1131; x_wconf 74' lang='lat' dir='ltr'><strong>A.u.c.</strong></span> <span class='ocrx_word' id='word_1_55' title='bbox 859 1100 937 1131; x_wconf 80' lang='lat'><strong>709.</strong></span> 
     </span>
    </p>
   </div>
   <div class='ocr_carea' id='block_1_6' title="bbox 138 1175 1343 2070">
    <p class='ocr_par' dir='ltr' id='par_1_6' title="bbox 138 1175 1343 2070">
     <span class='ocr_line' id='line_1_11' title="bbox 193 1175 1342 1229; baseline -0.002 -13"><span class='ocrx_word' id='word_1_56' title='bbox 193 1176 284 1229; x_wconf 85' lang='lat' dir='ltr'><strong>Ego</strong></span> <span class='ocrx_word' id='word_1_57' title='bbox 313 1190 423 1223; x_wconf 90' lang='lat' dir='ltr'><strong>vero,</strong></span> <span class='ocrx_word' id='word_1_58' title='bbox 452 1176 579 1222; x_wconf 87' lang='lat' dir='ltr'><strong>Servi,</strong></span> <span class='ocrx_word' id='word_1_59' title='bbox 610 1175 770 1221; x_wconf 89' lang='lat' dir='ltr'><strong>vellem,</strong></span> <span class='ocrx_word' id='word_1_60' title='bbox 800 1181 848 1214; x_wconf 93' lang='lat' dir='ltr'><strong>ut</strong></span> <span class='ocrx_word' id='word_1_61' title='bbox 877 1176 1030 1221; x_wconf 88' lang='lat' dir='ltr'><strong>scribis,</strong></span> <span class='ocrx_word' id='word_1_62' title='bbox 1058 1176 1102 1213; x_wconf 83' lang='lat' dir='ltr'><strong>in</strong></span> <span class='ocrx_word' id='word_1_63' title='bbox 1129 1187 1223 1214; x_wconf 90' lang='lat' dir='ltr'><strong>meo</strong></span> <span class='ocrx_word' id='word_1_64' title='bbox 1251 1186 1342 1227; x_wconf 78' lang='lat' dir='ltr'><strong>gra-</strong></span> 
     </span>
     <span class='ocr_line' id='line_1_12' title="bbox 144 1240 1342 1291; baseline -0.002 -11"><span class='ocrx_word' id='word_1_65' title='bbox 144 1245 304 1281; x_wconf 92' lang='lat' dir='ltr'><strong>vissimo</strong></span> <span class='ocrx_word' id='word_1_66' title='bbox 323 1256 418 1280; x_wconf 89' lang='lat' dir='ltr'><strong>casu</strong></span> <span class='ocrx_word' id='word_1_67' title='bbox 442 1241 653 1280; x_wconf 82' lang='lat' dir='ltr'><strong>adfuisses.</strong></span> <span class='ocrx_word' id='word_1_68' title='bbox 706 1240 917 1288; x_wconf 82' lang='lat' dir='ltr'><strong>Quantum</strong></span> <span class='ocrx_word' id='word_1_69' title='bbox 938 1242 1046 1278; x_wconf 92' lang='lat' dir='ltr'><strong>enim</strong></span> <span class='ocrx_word' id='word_1_70' title='bbox 1063 1253 1257 1291; x_wconf 86' lang='lat' dir='ltr'><strong>praesens</strong></span> <span class='ocrx_word' id='word_1_71' title='bbox 1274 1253 1342 1278; x_wconf 92' lang='lat' dir='ltr'><strong>me</strong></span> 
     </span>
     <span class='ocr_line' id='line_1_13' title="bbox 142 1304 1343 1358; baseline -0.002 -12"><span class='ocrx_word' id='word_1_72' title='bbox 142 1308 333 1346; x_wconf 86' lang='lat' dir='ltr'><strong>adiuvare</strong></span> <span class='ocrx_word' id='word_1_73' title='bbox 344 1309 527 1358; x_wconf 87' lang='lat' dir='ltr'><strong>potueris</strong></span> <span class='ocrx_word' id='word_1_74' title='bbox 542 1312 585 1344; x_wconf 90' lang='lat' dir='ltr'><strong>et</strong></span> <span class='ocrx_word' id='word_1_75' title='bbox 597 1305 855 1351; x_wconf 87' lang='lat' dir='ltr'><strong>consolando,</strong></span> <span class='ocrx_word' id='word_1_76' title='bbox 867 1311 911 1343; x_wconf 91' lang='lat' dir='ltr'><strong>et</strong></span> <span class='ocrx_word' id='word_1_77' title='bbox 921 1318 1048 1356; x_wconf 90' lang='lat' dir='ltr'><strong>prope</strong></span> <span class='ocrx_word' id='word_1_78' title='bbox 1061 1317 1192 1356; x_wconf 88' lang='lat' dir='ltr'><strong>aeque</strong></span> <span class='ocrx_word' id='word_1_79' title='bbox 1204 1304 1343 1343; x_wconf 88' lang='lat' dir='ltr'><strong>dolen-</strong></span> 
     </span>
     <span class='ocr_line' id='line_1_14' title="bbox 142 1369 1343 1422; baseline -0.002 -11"><span class='ocrx_word' id='word_1_80' title='bbox 142 1373 208 1418; x_wconf 93' lang='lat' dir='ltr'><strong>do,</strong></span> <span class='ocrx_word' id='word_1_81' title='bbox 223 1372 341 1410; x_wconf 87' lang='lat' dir='ltr'><strong>facile</strong></span> <span class='ocrx_word' id='word_1_82' title='bbox 361 1385 413 1410; x_wconf 86' lang='lat' dir='ltr'><strong>ex</strong></span> <span class='ocrx_word' id='word_1_83' title='bbox 432 1384 482 1410; x_wconf 92' lang='lat' dir='ltr'><strong>eo</strong></span> <span class='ocrx_word' id='word_1_84' title='bbox 499 1371 699 1422; x_wconf 81' lang='lat' dir='ltr'><strong>intelligo,</strong></span> <span class='ocrx_word' id='word_1_85' title='bbox 714 1370 837 1422; x_wconf 92' lang='lat' dir='ltr'><strong>quod,</strong></span> <span class='ocrx_word' id='word_1_86' title='bbox 850 1370 998 1408; x_wconf 87' lang='lat' dir='ltr'><strong>litteris</strong></span> <span class='ocrx_word' id='word_1_87' title='bbox 1016 1369 1147 1416; x_wconf 87' lang='lat' dir='ltr'><strong>lectis,</strong></span> <span class='ocrx_word' id='word_1_88' title='bbox 1162 1369 1343 1421; x_wconf 85' lang='lat' dir='ltr'><strong>aliquan·-</strong></span> 
     </span>
     <span class='ocr_line' id='line_1_15' title="bbox 141 1434 1340 1488; baseline -0.002 -12"><span class='ocrx_word' id='word_1_89' title='bbox 141 1443 232 1476; x_wconf 83' lang='lat' dir='ltr'><strong>tum</strong></span> <span class='ocrx_word' id='word_1_90' title='bbox 267 1440 464 1488; x_wconf 87' lang='lat' dir='ltr'><strong>acquievi.</strong></span> <span class='ocrx_word' id='word_1_91' title='bbox 518 1436 623 1474; x_wconf 90' lang='lat' dir='ltr'><strong>Nam</strong></span> <span class='ocrx_word' id='word_1_92' title='bbox 659 1441 703 1474; x_wconf 90' lang='lat' dir='ltr'><strong>et</strong></span> <span class='ocrx_word' id='word_1_93' title='bbox 739 1449 788 1473; x_wconf 85' lang='lat' dir='ltr'><strong>ea</strong></span> <span class='ocrx_word' id='word_1_94' title='bbox 822 1437 1030 1485; x_wconf 86' lang='lat' dir='ltr'><strong>scripsisti,</strong></span> <span class='ocrx_word' id='word_1_95' title='bbox 1065 1448 1171 1486; x_wconf 86' lang='lat' dir='ltr'><strong>quae</strong></span> <span class='ocrx_word' id='word_1_96' title='bbox 1204 1434 1340 1474; x_wconf 81' lang='lat' dir='ltr'><strong>levare</strong></span> 
     </span>
     <span class='ocr_line' id='line_1_16' title="bbox 140 1499 1341 1553; baseline -0.002 -13"><span class='ocrx_word' id='word_1_97' title='bbox 140 1502 297 1541; x_wconf 90' lang='lat' dir='ltr'><strong>luctum</strong></span> <span class='ocrx_word' id='word_1_98' title='bbox 314 1507 496 1553; x_wconf 87' lang='lat' dir='ltr'><strong>possent,</strong></span> <span class='ocrx_word' id='word_1_99' title='bbox 517 1507 561 1539; x_wconf 90' lang='lat' dir='ltr'><strong>et</strong></span> <span class='ocrx_word' id='word_1_100' title='bbox 578 1503 621 1539; x_wconf 91' lang='lat' dir='ltr'><strong>in</strong></span> <span class='ocrx_word' id='word_1_101' title='bbox 645 1513 712 1538; x_wconf 90' lang='lat' dir='ltr'><strong>me</strong></span> <span class='ocrx_word' id='word_1_102' title='bbox 732 1500 976 1538; x_wconf 91' lang='lat' dir='ltr'><strong>consolando</strong></span> <span class='ocrx_word' id='word_1_103' title='bbox 995 1513 1076 1538; x_wconf 90' lang='lat' dir='ltr'><strong>non</strong></span> <span class='ocrx_word' id='word_1_104' title='bbox 1094 1499 1341 1538; x_wconf 88' lang='lat' dir='ltr'><strong>mediocrem</strong></span> 
     </span>
     <span class='ocr_line' id='line_1_17' title="bbox 140 1556 1340 1618; baseline -0.003 -12"><span class='ocrx_word' id='word_1_105' title='bbox 140 1570 228 1618; x_wconf 88' lang='lat' dir='ltr'><strong>ipse</strong></span> <span class='ocrx_word' id='word_1_106' title='bbox 253 1556 377 1605; x_wconf 61' lang='lat' dir='ltr'><strong>animi</strong></span> <span class='ocrx_word' id='word_1_107' title='bbox 401 1567 581 1605; x_wconf 90' lang='lat' dir='ltr'><strong>dolorem</strong></span> <span class='ocrx_word' id='word_1_108' title='bbox 607 1565 842 1603; x_wconf 83' lang='lat' dir='ltr'><strong>adhibuisti.</strong></span> <span class='ocrx_word' id='word_1_109' title='bbox 894 1564 1055 1603; x_wconf 86' lang='lat' dir='ltr'><strong>Servius</strong></span> <span class='ocrx_word' id='word_1_110' title='bbox 1079 1570 1221 1604; x_wconf 85' lang='lat' dir='ltr'><strong>tamen</strong></span> <span class='ocrx_word' id='word_1_111' title='bbox 1244 1566 1340 1603; x_wconf 79' lang='lat' dir='ltr'><strong>tuus</strong></span> 
     </span>
     <span class='ocr_line' id='line_1_18' title="bbox 140 1630 1340 1682; baseline -0.003 -11"><span class='ocrx_word' id='word_1_112' title='bbox 140 1633 327 1671; x_wconf 89' lang='lat' dir='ltr'><strong>omnibus</strong></span> <span class='ocrx_word' id='word_1_113' title='bbox 353 1632 504 1677; x_wconf 87' lang='lat' dir='ltr'><strong>officiis,</strong></span> <span class='ocrx_word' id='word_1_114' title='bbox 532 1643 638 1682; x_wconf 90' lang='lat' dir='ltr'><strong>quae</strong></span> <span class='ocrx_word' id='word_1_115' title='bbox 666 1630 722 1668; x_wconf 90' lang='lat' dir='ltr'><strong>illi</strong></span> <span class='ocrx_word' id='word_1_116' title='bbox 748 1631 925 1680; x_wconf 91' lang='lat' dir='ltr'><strong>tempori</strong></span> <span class='ocrx_word' id='word_1_117' title='bbox 951 1630 1076 1667; x_wconf 87' lang='lat' dir='ltr'><strong>tribui</strong></span> <span class='ocrx_word' id='word_1_118' title='bbox 1101 1634 1340 1680; x_wconf 81' lang='lat' dir='ltr'><strong>potuerunt,</strong></span> 
     </span>
     <span class='ocr_line' id='line_1_19' title="bbox 140 1693 1339 1747; baseline -0.003 -11"><span class='ocrx_word' id='word_1_119' title='bbox 140 1698 375 1743; x_wconf 85' lang='lat' dir='ltr'><strong>declaravit,</strong></span> <span class='ocrx_word' id='word_1_120' title='bbox 398 1702 441 1735; x_wconf 91' lang='lat' dir='ltr'><strong>et</strong></span> <span class='ocrx_word' id='word_1_121' title='bbox 462 1698 606 1747; x_wconf 87' lang='lat' dir='ltr'><strong>quanti</strong></span> <span class='ocrx_word' id='word_1_122' title='bbox 626 1698 713 1746; x_wconf 89' lang='lat' dir='ltr'><strong>ipse</strong></span> <span class='ocrx_word' id='word_1_123' title='bbox 734 1708 801 1733; x_wconf 91' lang='lat' dir='ltr'><strong>me</strong></span> <span class='ocrx_word' id='word_1_124' title='bbox 822 1693 992 1740; x_wconf 86' lang='lat' dir='ltr'><strong>faceret,</strong></span> <span class='ocrx_word' id='word_1_125' title='bbox 1013 1700 1058 1733; x_wconf 92' lang='lat' dir='ltr'><strong>et</strong></span> <span class='ocrx_word' id='word_1_126' title='bbox 1078 1707 1201 1745; x_wconf 86' lang='lat' dir='ltr'><strong>quam</strong></span> <span class='ocrx_word' id='word_1_127' title='bbox 1220 1707 1339 1732; x_wconf 91' lang='lat' dir='ltr'><strong>suum</strong></span> 
     </span>
     <span class='ocr_line' id='line_1_20' title="bbox 139 1757 1339 1813; baseline -0.004 -12"><span class='ocrx_word' id='word_1_128' title='bbox 139 1763 266 1801; x_wconf 87' lang='lat' dir='ltr'><strong>talem</strong></span> <span class='ocrx_word' id='word_1_129' title='bbox 296 1775 394 1813; x_wconf 89' lang='lat' dir='ltr'><strong>erga</strong></span> <span class='ocrx_word' id='word_1_130' title='bbox 423 1775 490 1799; x_wconf 90' lang='lat' dir='ltr'><strong>me</strong></span> <span class='ocrx_word' id='word_1_131' title='bbox 520 1763 700 1798; x_wconf 89' lang='lat' dir='ltr'><strong>animum</strong></span> <span class='ocrx_word' id='word_1_132' title='bbox 729 1761 805 1798; x_wconf 89' lang='lat' dir='ltr'><strong>tibi</strong></span> <span class='ocrx_word' id='word_1_133' title='bbox 834 1765 999 1810; x_wconf 86' lang='lat' dir='ltr'><strong>gratum</strong></span> <span class='ocrx_word' id='word_1_134' title='bbox 1027 1764 1195 1810; x_wconf 83' lang='lat' dir='ltr'><strong>putaret</strong></span> <span class='ocrx_word' id='word_1_135' title='bbox 1223 1757 1339 1804; x_wconf 83' lang='lat' dir='ltr'><strong>fore3</strong></span> 
     </span>
     <span class='ocr_line' id='line_1_21' title="bbox 138 1823 1339 1875; baseline -0.005 -9"><span class='ocrx_word' id='word_1_136' title='bbox 138 1830 251 1866; x_wconf 88' lang='lat' dir='ltr'><strong>cuius</strong></span> <span class='ocrx_word' id='word_1_137' title='bbox 269 1828 398 1866; x_wconf 89' lang='lat' dir='ltr'><strong>officia</strong></span> <span class='ocrx_word' id='word_1_138' title='bbox 414 1826 651 1864; x_wconf 90' lang='lat' dir='ltr'><strong>iucundiora</strong></span> <span class='ocrx_word' id='word_1_139' title='bbox 667 1825 764 1863; x_wconf 87' lang='lat' dir='ltr'><strong>licet</strong></span> <span class='ocrx_word' id='word_1_140' title='bbox 781 1837 905 1875; x_wconf 90' lang='lat' dir='ltr'><strong>saepe</strong></span> <span class='ocrx_word' id='word_1_141' title='bbox 923 1823 1022 1861; x_wconf 86' lang='lat' dir='ltr'><strong>mihi</strong></span> <span class='ocrx_word' id='word_1_142' title='bbox 1039 1823 1206 1869; x_wconf 83' lang='lat' dir='ltr'><strong>fuerint,</strong></span> <span class='ocrx_word' id='word_1_143' title='bbox 1223 1836 1339 1861; x_wconf 89' lang='lat' dir='ltr'><strong>num-</strong></span> 
     </span>
     <span class='ocr_line' id='line_1_22' title="bbox 139 1889 1339 1944; baseline -0.004 -13"><span class='ocrx_word' id='word_1_144' title='bbox 139 1905 263 1943; x_wconf 90' lang='lat' dir='ltr'><strong>quam</strong></span> <span class='ocrx_word' id='word_1_145' title='bbox 294 1898 435 1931; x_wconf 88' lang='lat' dir='ltr'><strong>tamen</strong></span> <span class='ocrx_word' id='word_1_146' title='bbox 466 1893 659 1944; x_wconf 81' lang='lat' dir='ltr'><strong>gratiora.</strong></span> <span class='ocrx_word' id='word_1_147' title='bbox 714 1889 786 1927; x_wconf 89' lang='lat' dir='ltr'><strong>Me</strong></span> <span class='ocrx_word' id='word_1_148' title='bbox 820 1895 959 1927; x_wconf 89' lang='lat' dir='ltr'><strong>autem</strong></span> <span class='ocrx_word' id='word_1_149' title='bbox 992 1901 1073 1926; x_wconf 91' lang='lat' dir='ltr'><strong>non</strong></span> <span class='ocrx_word' id='word_1_150' title='bbox 1104 1889 1234 1926; x_wconf 84' lang='lat' dir='ltr'><strong>oratio</strong></span> <span class='ocrx_word' id='word_1_151' title='bbox 1265 1893 1339 1926; x_wconf 84' lang='lat' dir='ltr'><strong>tua</strong></span> 
     </span>
     <span class='ocr_line' id='line_1_23' title="bbox 138 1952 1338 2006; baseline -0.004 -11"><span class='ocrx_word' id='word_1_152' title='bbox 138 1957 267 1995; x_wconf 87' lang='lat' dir='ltr'><strong>solum</strong></span> <span class='ocrx_word' id='word_1_153' title='bbox 290 1963 334 1995; x_wconf 90' lang='lat' dir='ltr'><strong>et</strong></span> <span class='ocrx_word' id='word_1_154' title='bbox 354 1959 526 1994; x_wconf 87' lang='lat' dir='ltr'><strong>societas</strong></span> <span class='ocrx_word' id='word_1_155' title='bbox 548 1967 680 2006; x_wconf 89' lang='lat' dir='ltr'><strong>paene</strong></span> <span class='ocrx_word' id='word_1_156' title='bbox 702 1954 983 2005; x_wconf 87' lang='lat' dir='ltr'><strong>aegritudiniS,</strong></span> <span class='ocrx_word' id='word_1_157' title='bbox 1004 1952 1077 1991; x_wconf 89' lang='lat' dir='ltr'><strong>sed</strong></span> <span class='ocrx_word' id='word_1_158' title='bbox 1099 1955 1224 1991; x_wconf 87' lang='lat' dir='ltr'><strong>etiam</strong></span> <span class='ocrx_word' id='word_1_159' title='bbox 1245 1965 1338 1991; x_wconf 84' lang='lat' dir='ltr'><strong>auc-</strong></span> 
     </span>
     <span class='ocr_line' id='line_1_24' title="bbox 138 2019 1336 2070; baseline -0.003 -10"><span class='ocrx_word' id='word_1_160' title='bbox 138 2025 282 2060; x_wconf 85' lang='lat' dir='ltr'><strong>toritas</strong></span> <span class='ocrx_word' id='word_1_161' title='bbox 313 2021 556 2059; x_wconf 85' lang='lat' dir='ltr'><strong>consolatur.</strong></span> <span class='ocrx_word' id='word_1_162' title='bbox 608 2019 744 2070; x_wconf 84' lang='lat' dir='ltr'><strong>Turpe</strong></span> <span class='ocrx_word' id='word_1_163' title='bbox 776 2021 885 2056; x_wconf 92' lang='lat' dir='ltr'><strong>enim</strong></span> <span class='ocrx_word' id='word_1_164' title='bbox 917 2030 1005 2056; x_wconf 89' lang='lat' dir='ltr'><strong>esse</strong></span> <span class='ocrx_word' id='word_1_165' title='bbox 1038 2019 1240 2063; x_wconf 89' lang='lat' dir='ltr'><strong>existimo,</strong></span> <span class='ocrx_word' id='word_1_166' title='bbox 1270 2029 1336 2056; x_wconf 88' lang='lat' dir='ltr'><strong>me</strong></span> 
     </span>
    </p>
   </div>
   <div class='ocr_carea' id='block_1_7' title="bbox 142 2091 219 2130">
    <p class='ocr_par' dir='ltr' id='par_1_7' title="bbox 142 2091 219 2130">
     <span class='ocr_line' id='line_1_25' title="bbox 142 2091 219 2130; baseline 0.013 -1"><span class='ocrx_word' id='word_1_167' title='bbox 142 2091 219 2130; x_wconf 75' lang='lat'><strong>276</strong></span> 
     </span>
    </p>
   </div>
  </div>
 </body>
</html>
