1442 2392
677 151 881 192 CICERO

170 256 342 304 gratius,
363 254 474 306 quod
492 257 534 292 in
554 269 714 294 summa
732 259 944 307 paucitate
965 260 1202 306 amicorum,
1219 261 1382 311 propin-

172 337 346 375 quorum
388 338 435 363 ac
476 329 810 374 necessariorum,
852 331 922 380 qui
963 342 1059 367 vere
1100 342 1220 369 meae
1260 325 1381 389 saluti

170 393 373 442 faverent,
402 401 446 434 te
476 397 783 448 cupidissimum
811 401 894 437 mei
923 399 1254 452 singularemque
1282 400 1383 441 mihi

173 466 504 505 benevolentiam
542 471 797 519 praestitisse
836 473 1021 521 cognovi.
1075 470 1248 524 Reliqua
1286 478 1383 511 sunt

170 537 384 583 eiusmodi,
408 538 555 589 quibus
579 551 671 591 ego,
695 542 889 591 quoniam
912 540 1014 580 haec
1037 547 1157 581 erant
1178 547 1381 594 tempora,

170 605 289 645 facile
315 613 359 646 et
384 621 517 660 aequo
542 612 678 648 animo
703 611 921 658 carebam3
961 611 1037 651 hoc
1061 625 1158 652 vero
1181 613 1382 653 eiusmodi

170 690 259 716 esse
274 683 428 725 statuo,
444 685 491 718 ut
506 682 593 718 sine
609 680 753 719 talium
769 684 944 720 virorum
961 688 1005 721 et
1019 685 1241 722 amicorum
1256 675 1384 724 bene·->

170 748 350 787 volentia
372 763 507 801 neque
531 753 572 788 in
596 751 767 791 adversa
789 765 925 804 neque
948 756 989 791 in
1013 754 1193 792 secunda
1215 753 1381 794 fortuna

169 822 385 871 quisquam
405 823 539 859 vivere
558 825 700 873 possit.
756 822 904 874 Itaque
923 826 963 861 in
983 823 1059 863 hoc
1077 838 1155 877 ego
1172 824 1271 863 mihi
1289 839 1381 878 gra-

168 889 290 928 tulor.
343 890 405 929 Tu
432 905 528 930 vero
553 899 600 931 ut
626 893 857 945 intellegas,
885 894 1038 934 homini
1066 898 1308 935 amicissimo
1335 901 1381 937 te

166 961 358 999 tribuisse
376 962 565 1009 officium,
583 977 627 1002 re
646 965 721 1002 tibi
738 965 973 1015 praestabo.

732 1132 814 1170 XII

403 1251 491 1278 SER.
518 1253 720 1279 SULPICIUS
747 1253 780 1279 S.
809 1254 850 1280 D.
879 1254 925 1281 M.
952 1254 1141 1282 CICERONI

580 1342 744 1383 Athenis,
762 1355 869 1378 A.u.c.
888 1347 966 1379 709.

218 1435 309 1475 Etsi
341 1439 423 1475 scio
456 1450 538 1476 non
570 1438 906 1477 iucundissimum
939 1442 1129 1478 nuntium
1162 1453 1230 1480 me
1263 1439 1377 1481 vobis

168 1505 401 1553 allaturum,
424 1513 580 1554 tamen,
604 1511 798 1560 quoniam
820 1523 936 1548 casus
959 1516 1004 1548 et
1026 1516 1175 1549 natura
1196 1513 1239 1549 in
1261 1510 1378 1550 nobis

167 1577 414 1624 dominatur,
445 1582 574 1617 visum
603 1585 668 1618 est
695 1578 943 1627 faciendum,
968 1594 1133 1633 quoquo
1161 1581 1284 1621 modo
1312 1593 1377 1620 res

167 1660 211 1686 se
235 1647 422 1695 haberet,
446 1663 515 1688 vos
538 1653 732 1689 certiores
755 1649 906 1690 facere.
959 1651 1011 1690 A.
1035 1651 1076 1691 d.
1101 1665 1141 1691 x.
1167 1651 1260 1691 Kal.
1284 1651 1377 1691 Iun.

167 1732 260 1757 cum
282 1719 334 1757 ab
355 1719 563 1770 Epidauro
585 1720 800 1760 Piraeeum
821 1724 914 1760 navi
935 1722 1131 1762 advectus
1152 1735 1299 1768 essem,
1319 1723 1376 1761 ibi

169 1788 426 1836 Marcellum,
442 1791 641 1843 collegam
657 1798 856 1838 nostrum,
871 1795 1056 1839 conveni,
1073 1806 1250 1844 eumque
1266 1793 1377 1832 diem

219 1889 235 1905 ⁶
258 1885 325 1918 See
341 1887 387 1919 iv.
408 1889 438 1919 1.
458 1889 488 1925 1,
506 1889 601 1919 note.

221 1928 234 1948 ¹³
258 1928 318 1962 On
352 1929 413 1962 the
447 1932 523 1963 east
556 1933 656 1963 coast
686 1930 727 1963 of
754 1930 911 1973 Argolis,
943 1931 1059 1965 where
1090 1930 1270 1974 Sulpicius
1301 1930 1374 1965 had

170 1971 349 2014 probably
365 1972 455 2006 been
472 1983 518 2006 on
535 1974 660 2006 circuit
675 1984 716 2007 as
732 1973 918 2007 Governor
934 1974 975 2007 of
987 1973 1132 2008 Greece.

219 2019 232 2035 ⁶
255 2014 448 2072 Asnconsul
460 2017 498 2049 in
514 2018 554 2049 51
573 2027 660 2055 n.c.;
698 2028 738 2050 or
753 2018 781 2050 it
797 2028 882 2060 may
899 2028 1003 2052 mean
1020 2017 1042 2032 ‘⁴
1054 2028 1120 2051 our
1135 2017 1320 2062 eoneague
1333 2026 1375 2052 as

170 2068 298 2099 auyur.

174 2114 253 2148 300
