1442 2392
705 105 910 144 CICERO

210 210 418 249 Kalendas
457 210 577 248 Febr.
606 223 680 260 per
717 209 853 261 legem
889 210 1075 262 Pupiam,
1102 211 1147 251 id
1178 212 1289 263 quod
1321 214 1411 259 s'cis,

208 290 290 314 non
317 280 471 327 potest,
498 288 634 326 neque
662 288 804 313 mense
833 275 954 314 Febr.
982 281 1086 322 toto,
1114 279 1191 315 nisi
1217 275 1412 329 perfectis

156 347 178 380 2
206 347 280 379 aut
314 342 477 379 reiectis
515 340 803 391 legationibus.
857 340 972 379 Haec
1005 346 1147 379 tamen
1180 345 1316 394 opinio
1349 343 1413 382 est

208 405 348 458 populi
374 405 561 451 Romani,
588 419 612 443 a
638 408 718 443 tuis
744 405 889 444 invidis
916 412 1042 458 atque
1069 403 1413 448 obtrectatoribus

209 485 360 510 nomen
393 471 608 509 inductum
643 470 763 508 fictae
798 470 1018 523 religionis,
1052 485 1134 510 non
1167 478 1255 511 tam
1289 478 1350 518 ut,
1369 478 1413 513 te

208 537 471 588 impedirent,
515 549 638 587 quam
681 541 728 574 ut
771 549 823 573 ne
867 539 956 587 quis
998 542 1166 588 propter
1209 540 1413 577 exercitus

208 602 479 653 cupiditatem
530 601 822 639 Alexandriam
874 601 998 640 vellet
1047 604 1120 640 ire.
1188 602 1414 654 Dignitatis

211 673 351 705 autem
373 673 486 712 tuae,
508 679 629 704 nemo
653 672 730 712 est,
752 668 851 717 quin
873 669 1096 713 existimet,
1118 667 1302 706 habitam
1325 681 1414 707 esse

209 735 412 770 rationem
442 732 494 769 ab
523 737 683 769 senatu.
739 731 871 769 Nemo
900 737 964 770 est
993 734 1116 778 enim,
1146 735 1216 784 qui
1244 735 1415 780 nesciat,

210 811 291 849 quo
314 800 447 835 minus
471 797 660 834 discessio
685 796 816 842 fieret,
839 810 914 848 per
936 797 1186 836 adversarios
1209 803 1302 837 tuos
1325 811 1415 838 esse

209 862 394 908 factum3
442 865 511 913 qui
544 875 652 899 nune
683 862 823 912 populi
856 865 1035 908 nomine,
1066 876 1111 901 re
1145 869 1287 902 autem
1319 876 1416 902 vera

209 928 519 966 sceleratissimo
548 927 804 965 tribunorum
829 926 1073 973 latrocinio,1
1100 930 1132 966 si
1159 941 1265 980 quae
1297 928 1417 967 eona-

210 994 365 1032 buntur
394 1005 532 1044 agere,
562 994 665 1030 satis*
689 992 789 1029 mihi
818 995 1023 1042 provisum
1052 999 1130 1039 est,
1158 999 1207 1032 ut
1235 1006 1287 1032 ne
1318 994 1417 1045 quid

210 1058 328 1097 salvis
355 1059 542 1108 auspiciis
568 1062 641 1095 aut
664 1056 839 1108 legibus,
866 1062 938 1096 aut
964 1060 1091 1096 etiam
1115 1059 1202 1096 sine
1227 1060 1267 1097 vi
1291 1071 1415 1111 agere

161 1130 182 1163 3
211 1125 381 1175 possint.
453 1122 543 1174 Ego
585 1135 720 1174 neque
763 1122 815 1161 de
857 1130 951 1160 meo
993 1123 1143 1169 studio,
1185 1136 1320 1176 neque
1363 1122 1416 1163 de

213 1187 498 1227 nonnullorum
525 1190 671 1225 iniuria
698 1187 957 1226 scribendum
984 1187 1085 1226 mihi
1112 1201 1202 1227 esse
1229 1189 1416 1229 arbitror.

211 1254 322 1302 Quid
347 1256 456 1291 enim
483 1258 556 1291 aut
581 1266 648 1290 me
674 1258 896 1299 ostentem,
922 1255 1007 1304 qui,
1032 1255 1067 1291 si
1091 1255 1219 1292 vitam
1243 1267 1317 1305 pro
1342 1259 1418 1293 tus

211 1320 416 1371 dignitate
440 1317 701 1369 profundam,
725 1317 878 1356 nullam
902 1323 1064 1369 partem
1089 1318 1228 1357 videar
1251 1324 1415 1358 tuorum

211 1387 451 1423 meritorum
469 1389 678 1421 assecutus
697 1396 706 1430 3
739 1389 812 1422 aut
829 1383 881 1422 de
899 1383 1068 1422 aliorum
1084 1385 1238 1422 iniuriis
1255 1391 1417 1436 querar,

210 1450 320 1502 quod
349 1452 435 1487 sine
465 1462 624 1487 summo
651 1448 788 1486 dolore
814 1447 950 1487 facere
977 1462 1058 1487 non
1086 1450 1281 1500 possum?
1325 1449 1416 1502 Ego

211 1516 288 1553 tibi
309 1529 333 1553 a
353 1517 406 1560 vi,
426 1514 502 1552 hac
522 1516 764 1565 praesertim
784 1513 1066 1552 imbecillitate
1086 1516 1416 1566 magistratuum,

210 1586 420 1632 praestare
460 1579 559 1617 nihil
597 1592 787 1630 possum3
836 1581 874 1617 vi
908 1585 1083 1630 excepta
1117 1592 1283 1630 possum
1321 1593 1415 1618 con·-

211 1646 371 1683 firmare
409 1651 454 1683 te
494 1650 538 1683 et
576 1650 743 1683 senatus
782 1650 826 1683 et
862 1644 1002 1695 populi
1041 1643 1212 1682 Romani
1255 1657 1416 1684 summo

210 1710 346 1749 studio
366 1710 679 1760 amplitudinem
697 1715 813 1747 tuam
830 1715 1104 1748 retenturum.
1157 1708 1273 1748 Vale.

258 1805 270 1825 ¹
296 1805 396 1839 Some
427 1806 514 1839 omit
542 1805 767 1839 tribunorum
795 1805 910 1848 before
937 1805 1134 1845 latrocinio,
1162 1805 1223 1839 but
1250 1805 1274 1839 I
1287 1805 1416 1848 follow

210 1849 352 1890 Tyr-rell
376 1850 416 1882 in
441 1850 618 1891 insertiny
643 1850 684 1888 it,
706 1850 745 1882 in
769 1850 860 1891 spite
887 1849 930 1892 of
949 1850 997 1883 its
1022 1853 1084 1883 not
1110 1849 1212 1892 ὁσίης
1227 1849 1350 1892 found
1374 1850 1414 1884 in

207 1892 504 1970 ‘Il'zdorORbatg'he
529 1894 688 1927 tribunes
709 1893 870 1936 referred
891 1897 926 1927 to
946 1903 1009 1927 are
1029 1892 1213 1936 obviously
1236 1892 1414 1928 Caninii&

216 2038 263 2078 16
