1442 2392
121 588 138 622 1

665 141 870 183 CICERO

710 314 818 353 XIII

315 420 365 450 Μ.
390 422 431 450 T·
457 423 493 450 C·
521 423 610 450 IMP.
637 422 670 449 8.
698 423 740 450 D.
767 424 814 450 M.
842 423 981 450 CAELIO
1007 425 1101 452 ΑΕΒ.
1127 425 1222 454 CUR-

554 505 767 546 Laodiceae,
783 517 892 541 A.u.c.
910 509 989 540 ⁷04.

218 582 346 621 Raras
359 588 452 621 tuas
466 583 633 634 quidem
647 582 838 635 (fortasse
852 586 961 622 enim
974 597 1057 623 non
1068 584 1349 640 perferuntur)
1360 598 1376 628 z

167 638 241 676 sed
271 651 416 676 suaves
448 640 601 688 accipio
631 638 819 685 litteras;
865 638 931 677 vel
962 652 1063 691 quas
1093 643 1279 691 proxime
1311 651 1376 680 ac-

168 705 372 742 ceperam,
398 705 523 743 quam
547 692 800 743 prudentes!
841 705 965 744 quam
990 692 1110 732 multi
1135 699 1180 733 et
1203 689 1377 735 officiet

169 746 308 784 consili
327 746 335 784 l
389 746 480 784 Etsi
495 749 631 784 omnia
646 749 702 785 sic
716 749 1010 786 constitueram
1025 748 1125 786 mihi
1139 749 1316 801 agenda,
1328 746 1377 788 ut

169 806 218 839 tu
246 800 511 847 admonebas,
539 806 683 839 tamen
710 801 1003 840 confirmantur
1031 808 1172 841 nostra
1198 802 1378 851 consilia,

170 868 263 892 cum
288 857 502 901 sentimus,
527 855 799 906 prudentibus
825 855 1084 908 fideliterque
1110 857 1378 897 suadentibus

171 909 282 947 idem
305 909 447 947 videri.
500 909 590 960 Ego
614 909 797 960 Appium
821 910 885 962 (ut
908 923 1032 961 saepe
1056 916 1196 950 tecum
1218 911 1378 952 locutus

171 963 278 1015 sum)
296 963 415 1002 valde
433 963 572 1016 diligo,
589 977 739 1015 meque
759 964 811 1002 ab
830 977 878 1002 eo
896 964 1010 1016 diligi
1027 968 1169 1007 statim
1185 972 1390 1018 coeptu'ni'

173 1030 278 1063 esse,
318 1023 366 1056 ut
404 1017 659 1056 simultatem
698 1018 975 1069 deposuimus,
1014 1022 1137 1059 sensi.
1189 1019 1306 1061 Nam,
1335 1027 1380 1060 et

173 1071 416 1110 honorificus
447 1075 490 1110 in
522 1085 590 1110 me
623 1072 763 1111 consul
794 1071 875 1111 fuit
907 1078 952 1112 et
983 1077 1117 1112 suavis
1150 1077 1304 1113 amicus
1336 1073 1387 1114 e't‘

173 1125 379 1164 studiosus
428 1126 657 1165 studiorum
707 1129 834 1165 etiam
882 1140 1082 1167 meorum.
1136 1127 1238 1168 Mea
1284 1123 1391 1169 vex-'0²'=

173 1180 304 1218 officia
328 1183 366 1219 ei
390 1193 472 1218 non
495 1179 689 1226 defuisse,
713 1186 760 1219 tu
790 1194 832 1220 es
861 1184 994 1227 testis,
1019 1185 1083 1220 cui
1110 1184 1193 1221 iam
1219 1184 1386 1235 xwmqu

174 1232 318 1284 μάρτυς
355 1234 420 1286 (ut
451 1235 610 1287 opinor)
649 1235 809 1274 accedit
840 1234 1024 1282 Phania3
1068 1241 1113 1275 et
1148 1236 1390 1290 mehercule*

177 1291 305 1327 etiam
332 1289 458 1339 pluris
487 1302 582 1327 eum
610 1288 704 1335 feci,
733 1289 845 1340 quod
872 1295 916 1328 te
945 1292 1073 1328 amari
1102 1290 1154 1330 ab
1183 1304 1233 1330 eo
1260 1288 1385 1332 sensi}

177 1342 267 1381 Iam
282 1356 349 1381 me
367 1342 536 1394 Pompei
552 1348 688 1382 totum
704 1356 794 1382 esse
809 1346 885 1382 scis
904 1356 914 1389 3
944 1343 1118 1384 Brutum
1134 1358 1159 1383 a
1172 1358 1240 1384 me
1256 1349 1390 1385 amari

176 1396 386 1448 intelligis.
439 1397 550 1445 Quid
573 1403 638 1436 est
659 1410 822 1443 causae,
845 1411 917 1436 cur
938 1398 1038 1436 mihi
1060 1412 1143 1437 non
1165 1401 1207 1437 in
1230 1402 1390 1452 optatis·

178 1454 233 1490 sit
270 1451 488 1502 complecti
529 1451 737 1490 hominem
775 1451 992 1490 florentem
1034 1458 1190 1500 aetate,
1224 1454 1383 1505 opibus,

178 1504 413 1551 honoribus,
460 1509 641 1558 ingenio,
687 1506 839 1552 liberis,
885 1509 1138 1559 propinquis,
1184 1508 1384 1561 affinibus,

183 1600 468 1678 LesshZIIFtter
479 1611 553 1634 was
568 1603 710 1635 written
723 1611 823 1635 some
835 1601 954 1635 weeks
971 1601 1104 1643 before,
1117 1602 1190 1636 and
1203 1606 1266 1638 not
1279 1603 1383 1644 after.

288 1656 304 1677 r
397 1669 405 1678 ·
1381 1662 1384 1666 ’

229 1688 242 1709 ⁶
266 1688 407 1731 Appius
438 1686 610 1721 Claudius
643 1687 808 1728 Pulcher,
841 1687 922 1722 who
953 1687 1149 1722 succeeded
1187 1689 1311 1725 Cicero
1343 1701 1385 1725 as

186 1742 362 1775 governor
377 1731 418 1764 of
430 1730 556 1765 Cilicia
571 1732 607 1764 in
623 1733 667 1765 53
685 1742 750 1764 ΒΩ.

230 1780 243 1796 ⁶
267 1775 406 1808 Phania
420 1785 534 1808 seems
549 1778 587 1808 to
611 1774 701 1807 have
716 1774 807 1808 been
822 1785 869 1808 an
886 1775 1049 1808 intimate
1064 1773 1181 1808 friend
1199 1775 1240 1810 of
1259 1776 1384 1812 Cicero

185 1818 258 1852 and
289 1829 336 1851 an
366 1817 620 1860 intermediary
650 1817 809 1851 between
840 1818 914 1851 him
944 1818 1016 1851 and
1048 1818 1200 1861 Appius.
1260 1819 1384 1854 Cicero

191 1863 368 1895 mentions
385 1861 460 1895 him
475 1862 583 1904 again
600 1862 635 1894 in
651 1861 721 1895 this
736 1863 936 1895 connexion
951 1863 988 1895 in
1004 1862 1053 1895 iii.
1074 1865 1104 1895 1.
1125 1865 1154 1896 1.
1364 1899 1367 1901 ,

231 1905 247 1925 ⁶
272 1904 352 1938 One
370 1905 462 1944 who,
480 1905 536 1938 for
554 1906 724 1943 instance,
744 1904 918 1938 identifies
937 1915 959 1938 a
977 1904 1063 1947 long
1080 1904 1149 1938 lost
1166 1905 1274 1939 child.
1325 1905 1383 1950 Cf.

186 1947 447 1991 Shakespeare‚
466 1948 568 1987 Lear.
585 1959 611 1981 1.
632 1949 666 1980 ii.
690 1950 765 1987 146,
788 1947 809 1962 “
821 1951 884 1990 pat
903 1948 948 1981 he
965 1958 1097 1989 comm,
1116 1947 1190 1982 like
1209 1949 1270 1983 the
1287 1953 1385 1984 cata-

183 1991 329 2034 strophe
345 1991 385 2025 of
398 1992 459 2026 the
474 1991 534 2026 old
550 1991 740 2033 comedy.’‘

231 2040 244 2056 ·
268 2035 409 2077 Appius
426 2045 499 2069 was
514 2035 639 2068 consul
654 2036 691 2068 in
707 2036 752 2068 54
769 2044 836 2068 mc.

188 2091 265 2126 182
