1442 2392
671 150 874 190 CICERO

166 254 256 306 Ego
294 255 370 294 tibi
408 269 546 294 meum
584 255 796 294 consilium
834 269 1053 307 exponam.
1107 254 1243 294 Pridie
1283 254 1376 303 Kal.

164 316 309 356 Sextil.
330 324 433 369 puto
454 332 522 356 me
546 318 775 356 Laodiceae
796 316 884 356 fore
903 330 913 364 ;
949 318 1006 356 ibi
1026 330 1253 369 perpaucos
1275 318 1377 363 dies,

165 379 263 417 dum
294 383 470 431 pecunia
500 383 711 431 accipitur,
742 393 848 432 quae
880 379 979 418 mihi
1011 393 1062 418 ex
1092 379 1257 431 publica
1286 390 1378 431 per-

166 446 395 481 mutatione
408 443 599 489 debetur,
611 443 906 481 commorabor.
961 442 1124 481 Deinde
1135 445 1217 481 iter
1227 441 1375 480 faciam

164 505 217 543 ad
243 509 484 552 exercitum,
509 511 558 544 ut
582 508 742 544 circiter
768 505 865 544 Idus
890 505 1036 544 Sextil.
1060 511 1206 556 putem
1229 518 1298 543 me
1323 504 1375 543 ad

165 567 347 606 Iconium
362 568 463 607 fore.
517 568 598 607 Sed
619 572 651 606 si
671 569 770 620 quid
784 582 891 606 nunc
905 581 972 607 me
985 567 1092 606 fallit
1104 571 1147 606 in
1160 564 1374 606 scribendo

163 631 319 682 (procul
343 634 452 674 enim
476 632 643 669 aberam
667 632 719 669 ab
741 645 785 668 re
809 634 898 682 ipsa
921 636 966 669 et
988 644 1013 670 a
1034 630 1162 683 locis),
1185 630 1305 669 simul
1327 643 1374 668 ac

161 693 353 744 progredi
378 707 567 745 coepero,
590 707 713 745 quarn
744 694 955 731 celerrime
984 699 1145 744 potero,
1175 699 1219 731 et
1249 705 1372 744 quam

160 756 415 794 creberrimis
431 756 580 794 litteris
596 755 759 802 faciam,
777 761 825 794 ut
841 757 917 794 tibi
934 761 1034 794 nota
1050 758 1104 794 sit
1119 757 1372 805 omnis1ratio

159 818 320 856 dierum
355 825 482 870 atque
518 821 713 857 itinerum
749 831 948 856 meorum.
1003 818 1150 857 Oneris
1186 818 1262 856 tibi
1296 820 1371 855 im-

158 893 312 930 ponere
335 894 412 919 nec
435 881 568 919 audeo
592 881 817 932 quidquam
840 894 916 919 nec
939 880 1087 919 debeo.
1140 879 1237 926 Sed,
1259 879 1370 932 quod

157 948 231 981 tuo
257 944 471 982 commodo
497 943 585 982 fieri
610 946 753 994 possit,
779 946 992 995 utriusque
1018 948 1204 982 nostrum
1229 944 1368 994 magni

156 1008 345 1052 interest,
370 1013 418 1045 ut
446 1012 490 1045 te
520 1006 682 1044 videam
711 1012 809 1045 ante
838 1020 963 1057 quam
987 1005 1178 1045 decedas.
1232 1005 1367 1053 Quam

155 1067 399 1107 facultatem
423 1072 456 1107 si
481 1072 571 1121 quis
595 1082 712 1107 casus
737 1072 948 1120 eripuerit,
973 1081 1067 1107 mea
1090 1074 1233 1107 tamen
1255 1070 1299 1106 in
1321 1072 1366 1106 te

155 1134 292 1169 omnia
310 1132 440 1170 officia
458 1133 721 1178 constabunt,
741 1146 822 1170 non
842 1145 958 1170 secus
978 1145 1025 1170 ac
1044 1134 1078 1170 si
1097 1136 1141 1170 te
1160 1131 1365 1169 vidissem.

153 1193 245 1232 Tibi
265 1195 318 1233 de
339 1197 487 1233 nostris
507 1195 630 1233 rebus
651 1194 751 1232 nihil
772 1208 860 1232 sum
884 1200 981 1232 ante
1002 1194 1271 1232 mandaturus
1291 1206 1366 1244 per

153 1255 327 1302 litteras,
365 1270 490 1308 quam
527 1257 747 1308 desperaro
784 1270 920 1295 coram
957 1269 1025 1294 me
1062 1262 1202 1295 tecum
1239 1267 1363 1307 agere

151 1332 285 1369 posse.
339 1319 461 1367 Quod
479 1325 523 1357 te
543 1333 567 1357 a
586 1318 780 1357 Scaevola
797 1321 966 1370 petiisse
985 1319 1100 1365 dicis,
1118 1324 1179 1364 ut,
1198 1318 1296 1356 dum
1314 1323 1363 1356 tu

152 1381 331 1427 abesses,
351 1388 449 1420 ante
469 1381 694 1420 adventum
713 1394 853 1419 meum
871 1383 1102 1432 provinciae
1121 1385 1361 1432 praeesset3

151 1456 247 1481 eum
282 1457 360 1496 ego
395 1443 548 1494 Ephesi
585 1444 679 1489 vidi,
714 1443 876 1495 fuitque
910 1457 1072 1482 mecum
1106 1442 1362 1481 familiariter

149 1506 332 1544 triduum
347 1506 462 1553 illud,
479 1506 590 1558 quod
607 1519 685 1558 ego
702 1506 855 1557 Ephesi
872 1511 1147 1544 commoratus
1163 1519 1268 1551 sum,
1284 1517 1360 1543 nec

150 1581 201 1607 ex
232 1582 281 1608 eo
311 1569 536 1621 quidquam
565 1569 716 1615 audivi,
746 1568 856 1620 quod
885 1570 961 1607 sibi
991 1582 1015 1607 a
1043 1574 1087 1607 te
1115 1567 1358 1606 mandatum

148 1631 319 1671 diceret.
373 1632 435 1670 Ac
454 1645 553 1671 sane
574 1631 721 1670 vellem
741 1634 946 1683 potuisset
965 1632 1136 1683 obsequi
1156 1630 1357 1669 voluntati

148 1699 248 1733 tuae
266 1707 275 1740 ;
303 1709 386 1733 non
405 1697 515 1733 enim
533 1695 708 1733 arbitror
726 1694 917 1733 noluisse.

198 1833 214 1849 ⁰
238 1828 259 1842 “
276 1828 400 1862 Cicero
429 1828 547 1862 would
577 1831 673 1861 want
702 1831 739 1861 to
767 1831 829 1870 get
856 1828 917 1861 the
945 1830 1088 1861 current
1116 1829 1197 1861 coin
1227 1826 1268 1860 of
1293 1827 1353 1861 the

151 1874 318 1914 province
333 1872 389 1905 for
404 1872 464 1905 the
481 1883 612 1913 money
627 1874 732 1914 given
749 1872 823 1904 him
839 1871 895 1904 for
911 1871 965 1904 his
981 1871 1154 1904 domestic
1169 1869 1353 1904 establish-

153 1919 250 1948 ment
267 1915 517 1957 (vasariu‘m).”
566 1915 715 1957 Tyrrell.

201 1959 215 1980 δ
241 1959 425 2003 Probably
443 1958 618 2002 Appius's
636 1958 771 2001 leqatus
788 1968 829 1992 or
845 1960 1027 1999 quaestor.

157 2124 232 2158 180
