1442 2392
663 162 867 202 CICERO

160 270 259 321 quid
290 271 523 307 existimem
553 268 606 306 de
636 267 880 318 legionibus,
911 278 1018 317 quae
1048 265 1242 304 decretae
1271 267 1368 303 sunt

159 342 203 378 in
249 340 422 392 Syriam,
461 345 586 377 antea
630 338 886 383 dubitabam,
924 342 1177 374 venturaene
1215 339 1369 380 essent,

162 424 270 449 nunc
295 410 395 448 mihi
421 423 503 448 non
531 415 596 448 est
621 409 806 453 dubium,
834 410 946 459 quin,
972 409 1006 445 si
1032 412 1157 445 antea
1183 398 1370 444 auditum'

162 484 241 519 erit
259 484 390 519 otium
407 493 495 518 esse
515 483 557 517 in
573 479 704 531 Syria,
719 484 918 517 venturae
939 491 1020 516 non
1039 480 1135 517 sint.
1190 476 1369 514 Marium

161 552 329 603 quidem
344 563 618 589 successorem
631 549 749 588 tarde
765 549 884 587 video
899 561 988 586 esse
1004 553 1237 592 venturum,
1251 558 1370 597 prop·

163 628 280 660 terea
309 621 419 673 quod
446 627 614 659 senatus
642 623 702 659 ita
730 619 926 665 decrevit,
955 625 1003 657 ut
1025 632 1118 656 cum
1142 613 1370 672 legionibus

116 698 137 730 6
163 696 257 731 iret.
312 692 395 730 Uni
432 691 634 743 epistulae
670 690 861 741 respondi
880 703 889 728 ε
940 691 1059 728 venio
1096 688 1148 728 ad
1184 676 1371 726 alteram.

166 763 292 808 Petis,
312 768 359 800 ut
375 762 519 800 Bibulo
539 767 583 800 te
600 774 724 812 quam
743 761 1054 812 diligentissime
1073 758 1374 804 commendem,

164 837 207 872 in
227 848 307 885 quo
327 833 425 871 mihi
445 824 632 871 voluntas
652 846 733 870 non
753 832 872 870 deest
889 843 900 877 3
933 831 1007 869 sed
1024 829 1135 868 locus
1155 842 1244 868 esse
1263 828 1373 867 vide-

166 911 234 944 tur
255 911 394 943 tecum
416 903 705 955 expostulandi
722 915 733 949 ;
768 902 876 940 solus
898 904 1008 940 enim
1029 907 1077 939 tu
1098 914 1150 939 ex
1171 896 1373 956 omnibus,

166 978 236 1028 qui
255 989 348 1014 cum
368 974 512 1013 Bibulo
531 980 642 1020 sunt,
661 976 878 1012 certiorem
897 986 963 1013 me
983 985 1208 1023 numquam
1225 970 1373 1017 fecisti,

166 1060 291 1099 quam
325 1046 443 1084 valde
477 1045 611 1084 Bibuli
645 1044 832 1082 voluntas
868 1057 892 1082 a
925 1056 992 1081 me
1027 1045 1114 1081 sine
1148 1055 1272 1080 causa
1304 1042 1374 1080 ab*-

166 1117 366 1156 horreret.
419 1115 619 1155 Permulti
655 1118 765 1154 enim
801 1115 854 1153 ad
888 1127 956 1153 me
991 1113 1246 1160 detulerunt,
1280 1102 1372 1158 cum

165 1202 339 1240 magnus
370 1187 615 1226 Antiochiae
645 1192 782 1224 metus
813 1191 924 1224 esset
954 1191 999 1223 et
1028 1198 1180 1236 magna
1208 1197 1302 1235 spes
1330 1186 1373 1222 in

166 1272 233 1298 me
255 1265 381 1310 atquc
400 1261 443 1296 in
464 1260 648 1296 exercitu
668 1270 775 1303 meo,
795 1256 960 1294 solitum
980 1256 1131 1300 dicere,
1150 1254 1310 1306 quidvis
1320 1266 1372 1292 se

166 1332 329 1381 perpeti
343 1328 479 1374 malle,
495 1342 619 1380 quam
634 1327 762 1365 videri
777 1329 937 1379 eguisse
953 1326 1103 1364 auxilio
1118 1338 1210 1363 meo
1229 1338 1238 1363 ε
1265 1323 1376 1379 quod

168 1413 261 1452 ego,
303 1399 432 1438 officio
476 1401 709 1450 quaestorio
752 1403 796 1436 te
840 1397 1065 1435 adductum
1106 1398 1281 1434 reticere
1322 1383 1376 1434 de

168 1476 359 1522 praetore
396 1475 484 1515 tuo,
520 1482 602 1507 non
638 1467 812 1506 moleste
848 1467 1062 1512 ferebam3
1113 1478 1378 1518 quamquam,

169 1540 518 1594 quemadmodum
550 1545 790 1584 tractarere,
825 1538 1057 1576 audiebam.
1112 1535 1186 1575 Ille
1221 1541 1376 1587 autem,

168 1626 262 1650 cum
282 1611 335 1650 ad
353 1610 577 1648 Thermum
597 1610 648 1648 de
670 1609 860 1647 Parthico
879 1608 987 1647 bello
1007 1607 1218 1654 scriberet,
1238 1605 1291 1646 ad
1309 1619 1377 1645 me

168 1683 351 1721 litteram
377 1694 602 1732 numquam
631 1682 756 1726 misit,
777 1679 830 1718 ad
857 1691 982 1730 quem
1001 1677 1263 1729 intelligebat
1290 1679 1377 1716 eius

168 1753 264 1792 belli
284 1751 510 1803 periculum
531 1753 754 1802 pertinere.
806 1750 986 1787 Tantum
1007 1749 1060 1787 de
1081 1753 1287 1800 auguratu
1306 1747 1377 1786 filii

168 1827 230 1862 sui
260 1826 420 1874 scripsit
451 1822 504 1860 ad
533 1834 629 1867 me;
673 1823 716 1860 in
746 1834 827 1872 quo
858 1833 936 1871 ego
966 1819 1241 1858 misericordia
1269 1832 1378 1858 com-

168 1900 319 1940 motus,
343 1899 387 1932 et
410 1893 521 1945 quod
543 1905 706 1943 semper
730 1893 994 1930 amicissimus
1017 1889 1163 1928 Bibulo
1185 1888 1258 1936 fui,
1281 1889 1376 1929 dedi

120 1970 140 2003 7
169 1978 350 2016 operam,
372 1970 420 2002 ut
442 1966 480 2002 ei
502 1976 626 2014 quam
649 1962 939 2000 humanissime
960 1961 1195 1999 scriberem.
1248 1959 1324 1999 Ille
1342 1963 1376 2000 si

168 2035 356 2072 omnibus
381 2039 445 2073 est
468 2033 691 2072 malevolus
715 2032 843 2084 (quod
867 2044 1091 2083 numquam
1115 2029 1377 2082 existimavi),

179 2135 253 2169 154
