1442 2392
110 1304 127 1338 1

668 151 871 191 CICERO

163 254 195 290 si
232 252 388 291 nullum
423 253 595 294 haberes
630 269 808 303 sensum,
844 259 919 296 nisi
954 257 1176 305 oculorum,
1209 271 1373 311 prorsus

161 309 236 347 tibi
260 313 528 361 ignoscerem,
551 315 583 351 si
607 314 806 365 quosdam
829 314 956 353 nolles
979 315 1146 362 videre;
1181 315 1257 355 sed
1278 329 1371 370 cum

136 406 139 410 ,
160 365 311 406 leviora
325 382 407 407 non
420 370 552 409 multo
566 377 719 418 essent,
734 385 840 423 quae
855 372 1109 419 audirentur,
1123 386 1247 425 quam
1261 386 1370 425 quae

160 425 410 473 viderentur,
442 431 668 479 suspicarer
699 435 840 468 autem
871 429 1047 468 multum
1078 433 1278 470 interesse
1308 433 1369 471 rei

159 480 367 523 familiaris
399 490 512 532 tuae,
544 491 588 525 te
621 500 744 538 quam
775 490 953 538 primum
984 491 1138 536 venire,
1168 488 1294 540 idque
1324 490 1370 527 ἰὴ

159 550 301 577 omnes
332 547 472 591 partes
502 542 672 588 valeret,
699 547 842 594 putavi
871 558 921 583 ea
947 544 1000 583 de
1028 558 1072 584 re
1102 551 1147 584 te
1178 558 1268 584 esse
1298 542 1368 583 adss

158 597 423 637 monendum.
490 599 572 639 Sed
620 604 827 653 quoniam,
875 603 975 654 quid
1021 602 1121 641 mihi
1170 598 1367 654 placeret,

159 655 335 702 ostendi,
364 657 522 708 reliqua
548 664 594 696 tu
621 672 695 709 pro
725 666 799 698 tua
826 661 1047 711 prudentia
1079 660 1368 705 considerabis.

161 710 234 750 Me
261 718 402 752 tamen
426 715 561 762 velim,
585 717 695 767 quod
718 717 771 757 ad
798 724 962 770 tempus
990 724 1035 758 te
1064 723 1366 771 exspectemus,

154 771 371 808 certiorem
389 770 528 813 facias.
1231 780 1234 782 ’

728 1000 790 1039 ΧΙ

414 1119 460 1145 Μ.
489 1120 718 1148 MARCELLUS
745 1123 778 1148 S.
806 1123 846 1148 D.
875 1122 921 1148 M.
949 1122 1137 1149 CICERONI

553 1211 750 1254 Mitylenis,
768 1223 876 1246 Asty-c.
894 1215 972 1246 708.

210 1300 433 1341 Plurimum
458 1305 630 1344 valuisse
650 1307 761 1357 apud
783 1321 850 1345 me
874 1313 989 1345 tuam
1009 1320 1171 1358 semper
1190 1307 1362 1345 auctori-

154 1362 286 1397 tatem
310 1374 403 1399 cum
424 1364 467 1400 in
489 1366 598 1401 omni
622 1377 680 1410 re,
703 1370 792 1402 tum
815 1367 857 1402 in
880 1364 956 1403 hoc
978 1368 1156 1403 maxime
1180 1366 1361 1416 negotio,

153 1422 273 1466 potes
308 1421 558 1458 existimare.
611 1421 715 1459 Cum
749 1421 848 1459 mihi
883 1422 929 1460 C.
965 1421 1199 1467 Marcellus,
1234 1419 1362 1459 frater

155 1478 457 1515 amantissimus
487 1482 583 1524 mei,
614 1492 695 1517 non
725 1479 855 1518 solum
885 1480 1095 1518 consilium
1125 1480 1259 1526 daret,
1287 1477 1362 1517 sed

154 1533 341 1581 precibus
379 1547 543 1586 quoque
585 1549 653 1575 me
694 1538 942 1584 obsecraret,
978 1551 1061 1576 non
1105 1540 1216 1588 prius
1261 1535 1362 1575 mihi

154 1591 402 1639 persuadere
423 1596 575 1643 potuit,
597 1607 721 1645 quam
743 1598 825 1633 tuis
848 1601 912 1633 est
934 1594 1128 1634 effectum
1148 1595 1292 1640 literis,
1313 1599 1362 1634 ut

155 1653 294 1687 uterer
336 1656 471 1688 vestro
512 1654 769 1701 potissimum
810 1652 989 1692 consilio.
1042 1652 1123 1692 Res
1165 1651 1361 1704 quemad—

153 1705 320 1744 modum
335 1709 390 1745 sit
404 1713 510 1754 acta,
523 1714 684 1747 vestrae
699 1709 864 1748 litterae
877 1709 977 1748 mihi
989 1709 1213 1748 declarant.
1259 1709 1361 1748 Gra-

152 1763 301 1802 tulatio
319 1770 394 1803 tua
413 1768 490 1803 etsi
507 1771 571 1804 est
583 1766 683 1804 mihi
696 1767 997 1817 probatissima,
1012 1767 1122 1819 quod
1136 1767 1189 1806 ab
1203 1769 1360 1818 optimo

154 1819 202 1858 fit
233 1824 383 1868 animo,
412 1827 554 1860 tamen
581 1822 658 1861 hoc
682 1823 782 1861 mihi
807 1823 939 1863 multo
970 1824 1185 1863 iucundius
1217 1830 1283 1863 est
1314 1829 1359 1863 et

208 1970 223 1985 ‘²
246 1964 399 1999 Cicero’s
415 1964 516 2000 letter
531 1969 568 2000 to
586 1966 640 2000 Μ.
657 1967 860 2008 Marcellus,
904 1969 1002 2012 iving
1015 1979 1064 2002 an
1078 1971 1232 2003 account
1246 1968 1287 2003 of
1298 1957 1362 2002 the'

159 2006 289 2041 debate
305 2011 340 2042 in
357 2009 417 2042 the
432 2010 563 2044 Senate
577 2011 689 2044 about
711 2011 764 2045 his
784 1979 903 2051 recall?
918 2014 956 2046 to
973 2011 1090 2046 which
1112 2011 1183 2046 this
1206 2011 1307 2058 letter
1328 2013 1357 2046 is

160 2061 208 2084 an
223 2063 371 2092 answer,
389 2053 452 2086 has
467 2053 557 2087 been
573 2054 652 2088 lost.

161 2107 238 2147 298
