1442 2392
697 136 901 176 CICERO

199 244 395 280 meritum
414 244 664 289 existimare,
684 255 734 281 ea
751 256 819 281 me
838 245 1013 281 suasisse
1031 242 1243 294 Pompeio,
1260 242 1417 294 quibam

200 294 268 334 ille
294 299 327 334 si
351 299 570 347 paruisset,
597 302 708 336 esset
732 297 798 335 hic
823 297 991 348 quidem
1016 297 1147 336 clarus
1172 299 1215 336 in
1238 302 1361 348 toga
1355 302 1413 336 et

199 353 402 402 princeps,
427 350 502 390 sed
525 356 664 390 tantas
689 364 803 403 opes,
827 357 1003 403 quantas
1026 364 1136 390 nunc
1158 350 1301 397 habet,
1325 355 1417 390 nom

199 404 387 444 haberet.
441 406 635 444 Eundum
667 409 710 443 in
742 406 984 457 Hispaniam
1016 408 1184 452 censui;
1232 405 1343 457 quod
1368 418 1414 444 sm

198 458 379 505 fecisset,
397 460 513 498 civile
530 460 685 498 bellum
701 460 859 502 nullum
875 463 1039 499 omnino
1055 459 1215 499 fuisset.
1269 459 1412 498 Ratio-r?

199 526 296 551 nem
324 513 468 552 haberi
497 515 694 560 absentis,
723 528 805 553 non
834 520 922 553 tam
949 517 1145 566 pugnavi,
1173 519 1223 552 ut
1250 513 1412 563 liceret,-

199 580 324 619 quam
343 574 405 614 ut,
425 569 590 620 quando
609 572 697 620 ipso
717 569 882 607 consule
900 574 1116 620 pugnante
1133 568 1310 620 papulus
1326 570 1417 606 ius·-·¹

199 627 324 667 serat,
354 621 590 662 haberetur.
645 623 778 661 Causa
808 629 900 662 orta
928 623 1025 662 belli
1055 629 1134 662 est.
1187 622 1307 671 Quid
1329 624 1407 674 ego

197 679 456 742 praetermisi
475 682 549 716 aut
566 680 816 716 monitorum
835 683 909 716 aut
928 677 1215 729 querellarum,
1229 690 1324 715 cum
1341 675 1416 716 vel„

198 733 494 781 iniquissimam
531 736 679 783 pacem
717 734 938 771 iustissimo
978 732 1086 771 bello
1127 730 1411 770 anteferrem!

158 789 180 821 6
198 784 318 823 Victa
336 791 401 824 est
418 789 640 824 auctoritas
657 799 765 832 mea,
783 800 865 824 non
881 781 927 824 ta
987 799 1012 824 a
1029 786 1225 837 Pompeio
1243 785 1384 837 (namf
1370 798 1411 824 is

197 840 471 892 movebatur),
489 847 614 891 quam
631 841 711 879 ab
700 843 762 887 115,
780 843 850 892 qui
867 799 972 879 (111111ῃ
989 840 1185 891 Pompeio
1200 838 1299 878 freti
1313 852 1410 891 per*

197 900 471 944 opportunam
491 900 535 933 et
552 895 675 933 rebus
694 895 928 934 domesticis
947 900 997 940 et
1010 894 1307 946 cupiditatibus
1323 896 1408 932 suis

197 947 302 986 illius
324 948 422 987 belli
441 951 653 987 victoriam
673 948 761 987 fore
781 950 1002 1000 putabant.
1055 948 1301 1000 Susceptum
1320 947 1407 997 bel*

197 1001 281 1039 lum
300 1008 364 1041 est
381 1006 620 1054 quiescente
638 1017 705 1042 me
723 1016 734 1049 3
766 1003 983 1054 depulsum
1000 1016 1052 1042 ex
1071 1003 1194 1042 Italia
1206 1007 1408 1042 manente·

197 1069 279 1102 me,
309 1057 446 1108 quoad
472 1060 603 1109 potui.
657 1057 740 1096 Sed
766 1058 896 1096 valuit
922 1058 1034 1109 apud
1060 1070 1128 1096 me
1154 1057 1246 1109 plus
1272 1056 1411 1108 pudor·

195 1123 312 1148 meus
325 1125 449 1162 quam
463 1114 599 1151 timor.
639 1112 805 1150 Veritus
821 1126 911 1150 sum
925 1112 1071 1151 deesse
1086 1111 1256 1163 Pompei
1267 1110 1403 1156 saluti,

196 1177 289 1202 cum
311 1166 379 1204 ille
404 1166 622 1217 aliquando
645 1180 727 1205 non
755 1166 956 1205 defuisset
977 1179 1111 1205 meae.
1166 1165 1317 1218 Itaque
1337 1164 1406 1204 vel

196 1219 323 1258 officio
355 1220 420 1258 vel
450 1219 562 1259 fama
593 1222 794 1259 bonorum
824 1221 890 1259 vel
921 1220 1078 1272 pudore
1109 1222 1255 1266 victus,
1281 1224 1331 1258 ut
1359 1232 1404 1258 m

195 1271 343 1312 fabulis
364 1275 652 1326 Amphiaraus,
672 1277 729 1314 sic
750 1288 841 1327 ego,
860 1275 1041 1326 prudens
1062 1280 1107 1314 et
1125 1277 1271 1322 sciens,

499 1352 546 1386 ad
563 1355 699 1396 pestem
715 1355 799 1386 ante
814 1352 936 1386 oculos
951 1354 1107 1396 positam

194 1434 284 1459 sum
317 1421 538 1472 profectus.
593 1421 685 1470 Quo
717 1424 760 1460 in
791 1422 899 1461 bello
931 1422 1031 1462 nihil
1063 1402 1223 1480 adversi
1238 1387 1403 1471 accidit

1303 1505 1404 1525 ...ε-..ἱ

241 1562 257 1578 ⁸
279 1558 303 1590 τ’.
307 1568 348 1596 8.,
366 1561 428 1591 not
444 1569 466 1590 a
482 1560 674 1591 victorious
690 1558 933 1598 commander,
951 1569 1016 1592 nor
1031 1569 1078 1592 an
1095 1561 1268 1592 autom-at.
1386 1575 1400 1580 -·

242 1601 254 1621 '³
278 1601 410 1635 Caesar
432 1603 469 1634 in
493 1605 548 1641 52,
573 1602 682 1644 being
697 1602 807 1636 then
799 1613 834 1636 m
852 1602 958 1641 Gaul,
975 1613 992 1635 r
1040 1602 1162 1636 uested
1178 1602 1247 1636 the
1254 1600 1402 1653 tribune·

195 1647 232 1676 to
253 1654 405 1687 propose
425 1656 447 1678 a
467 1646 536 1678 law
556 1647 765 1688 permitting
786 1646 860 1679 him
881 1649 918 1679 to
939 1657 1002 1679 sue
1038 1657 1078 1679 or
1099 1646 1160 1680 the
1190 1644 1368 1679 consuls'

196 1688 344 1722 without
373 1700 395 1721 a
425 1689 590 1732 personal
619 1700 780 1723 canvass.
830 1690 1002 1732 Pompey,
1032 1690 1119 1723 then
1148 1691 1185 1723 in
1215 1689 1270 1724 his
1299 1683 1357 1730 th

194 1731 411 1774 consulship,
447 1732 641 1775 supported
676 1733 737 1767 the
772 1733 950 1776 proposal,
987 1733 1102 1766 which
1137 1743 1210 1766 was
1245 1724 1394 1766 carried.

197 1774 263 1808 See
280 1775 413 1808 Chron.
433 1775 535 1809 Sum.
551 1776 608 1810 for
624 1779 667 1809 52
686 1788 751 1810 13.c.

243 1819 338 1861 cBy
355 1819 527 1862 Pompey’
529 1831 546 1853 s
561 1821 752 1854 resistance
767 1831 814 1854 on
830 1820 891 1853 the
907 1823 983 1854 east
1000 1820 1041 1854 of
1052 1820 1113 1854 the
1129 1819 1302 1859 Adriatic,
1318 1819 1399 1854 and

194 1861 336 1895 Caesar
339 1874 355 1896 s
371 1865 531 1906 crossing
546 1864 678 1897 thither
693 1864 787 1897 from
805 1864 899 1906 Italy
914 1863 1039 1906 early
1029 1875 1066 1897 in
1082 1866 1126 1898 48
1144 1875 1176 1898 Β.
1178 1875 1209 1897 c.

239 1907 255 1926 α
280 1906 533 1948 Amphiaraus,
553 1905 726 1950 although
746 1908 791 1941 he
808 1907 959 1941 foresaw
977 1908 1038 1941 the
1055 1907 1145 1941 fatal
1163 1908 1392 1942 termination

193 1949 233 1981 of
257 1949 318 1983 the
345 1950 546 1992 expedition
575 1952 718 1993 against
744 1951 895 1989 Thebes,
925 1961 997 1984 was
1025 1949 1226 1994 persuaded
1253 1953 1292 1984 to
1313 1950 1392 1997 join

193 1993 219 2026 it
246 1993 296 2035 by
322 1993 377 2026 his
404 1993 484 2027 wife
512 1994 694 2037 Eriphyle,
722 1995 840 2028 whom
869 1994 959 2037 Poly
960 1995 1075 2028 neices
1102 1993 1176 2028 had
1201 1994 1390 2063 corrupted

192 2035 241 2078 by
258 2037 318 2070 the
333 2037 403 2079 gift
418 2038 459 2071 of
473 2037 683 2071 Harmonia'
685 2048 702 2071 s
718 2037 899 2072 necklace.

182 2087 263 2127 456
