1442 2392
660 167 864 206 CICERO

159 273 312 316 amieis,
332 271 530 322 collegam
551 284 690 309 meum
712 274 955 322 praesertim
977 277 1021 309 et
1045 273 1087 308 in
1112 273 1201 321 ipsa
1222 269 1366 320 collegi

160 340 282 379 laude
305 347 348 380 et
368 344 540 380 scientia
560 342 788 380 studiosum
810 345 890 380 mei
909 343 924 379 ?
980 342 1095 380 Haec
1117 355 1166 379 eo
1186 340 1367 392 pluribus

161 415 315 463 scripsi,
355 412 466 464 quod
506 413 688 451 nonnihil
727 413 1014 464 significabant
1052 418 1150 451 tuae
1187 410 1368 456 litterae,

160 483 428 521 subdubitare
469 488 524 529 te,
559 496 641 534 qua
678 496 810 522 essem
849 496 948 535 erga
987 483 1101 521 illum
1143 482 1368 520 voluntate.

162 553 294 591 Credo
323 559 367 591 te
396 554 557 592 audisse
587 554 754 605 aliquid.
808 554 972 592 Falsum
1001 559 1079 600 est,
1107 553 1207 593 mihi
1233 551 1369 598 crede,

159 626 193 662 si
230 624 329 675 quid
365 624 530 663 audisti,
590 624 731 663 Genus
764 628 1051 669 institutorum
1087 629 1132 663 et
1165 625 1370 678 rationum

163 708 348 732 mearum
366 695 738 734 dissimilitudinem
756 695 994 734 nonnullam
1011 695 1140 734 habet
1156 709 1250 737 cum
1265 679 1372 749 illius

165 765 518 804 administratione
538 769 784 817 provinciae.
837 767 902 804 Ex
923 780 972 805 eo
992 766 1160 818 quidam
1178 767 1371 817 suspicati

165 834 339 874 fortasse
359 843 469 883 sunt,
490 840 717 875 animorum
737 840 1017 883 contentione,
1036 850 1119 875 non
1137 838 1374 888 opinionum

165 906 432 953 dissensione,
455 921 522 946 me
548 909 600 946 ab
625 921 674 946 eo
698 908 944 959 discrepare.
998 907 1108 946 Nihil
1131 913 1273 946 autem
1295 895 1374 945 feei

167 991 364 1029 umquam
401 991 536 1030 neque
575 979 674 1025 dixi,
705 979 816 1030 quod
853 984 996 1017 contra
1032 978 1138 1017 illius
1169 955 1374 1016 existima-

170 1051 326 1086 tionem
356 1062 446 1087 esse
474 1049 636 1087 vellem.
691 1048 790 1088 Post
817 1049 894 1087 hoc
921 1052 1136 1101 negotium
1164 1054 1305 1087 autem
1332 1053 1377 1086 et

168 1122 451 1158 temeritatem
472 1123 600 1158 nostri
622 1119 863 1158 Dolabellae
885 1120 1196 1172 deprecatorem
1216 1132 1283 1157 me
1302 1118 1377 1170 pro

168 1189 273 1228 illius
315 1190 496 1241 periculo
537 1191 732 1241 praebeo.
785 1191 888 1229 Erat
928 1194 972 1229 in
1013 1190 1160 1229 eadem
1202 1173 1378 1241 epistula

169 1266 362 1298 veternus
395 1263 586 1299 civitatis.
641 1260 885 1299 Gaudebam
917 1274 1031 1307 sane,
1065 1267 1110 1299 et
1141 1259 1377 1312 congelasse

168 1337 354 1368 nostrum
391 1333 567 1369 amicum
602 1330 790 1369 laetabar
827 1334 926 1370 otio.
978 1327 1179 1370 Extrema
1213 1329 1377 1382 pagella

167 1404 345 1453 pupugit
364 1414 431 1439 me
452 1407 525 1440 tuo
545 1401 828 1453 chirographo.
882 1401 994 1450 Quid
1013 1404 1071 1440 ais
1088 1402 1104 1440 ?
1158 1401 1377 1446 Caesarem

168 1485 276 1509 nunc
296 1471 485 1510 defendit
505 1471 627 1510 Curio
645 1472 660 1509 ?
696 1475 786 1523 quis
806 1472 883 1510 hoc
902 1478 1072 1523 putaret
1089 1477 1257 1523 praeter
1274 1471 1375 1510 mer?

169 1542 289 1588 Nam,
325 1545 386 1580 ita
421 1545 568 1588 vivam,
605 1545 762 1593 putavi.
827 1543 882 1581 Di
910 1542 1161 1581 immortales
1180 1542 1203 1581 !'
1251 1554 1373 1593 quam

168 1626 246 1664 ego
272 1615 398 1651 risum
425 1618 610 1651 nostrum
637 1613 851 1651 desidero!
908 1612 1014 1651 Mihi
1041 1619 1131 1651 erat
1155 1615 1200 1651 in
1225 1614 1374 1669 animo,

167 1686 361 1734 quoniam
375 1684 696 1721 iurisdictionem
711 1682 982 1729 confeceram,
997 1686 1186 1722 civitates
1197 1682 1375 1734 locuple.-

166 1760 314 1799 taram,
333 1754 559 1804 publicanis
580 1756 706 1792 etiam
726 1757 942 1804 superioris
962 1754 1079 1792 lustri
1097 1753 1268 1805 reliqua,
1286 1756 1376 1791 sine

165 1827 364 1862 sociorum
382 1824 465 1863 ulla
481 1824 663 1876 querela,
680 1837 977 1870 conservaram,
994 1827 1176 1875 privatis,
1192 1812 1374 1880 summis,

230 2008 245 2024 ⁰
269 2002 456 2036 Dolabella
473 2013 544 2035 was
561 2003 858 2078 ςοὲερὲἒίὶῖοευῐΐὲη
886 2002 1044 2078 ulziigpius
1061 2002 1117 2035 for
1133 2002 1312 2037 maiestas.

180 2128 253 2162 134
