1442 2392
689 138 892 178 CICERO

188 249 233 281 te
249 255 339 281 esse
353 242 602 294 reipublicae
616 254 670 280 ne
685 244 719 280 si
732 242 856 280 liceat
871 241 1039 293 quidem
1053 242 1167 288 velis,
1180 241 1395 282 ferendam

190 318 280 344 esse
303 304 526 350 fortunam,
549 307 793 356 praesertim
817 317 924 356 quae
948 305 1057 343 absit
1079 317 1106 343 a
1129 305 1261 357 culpa.
1313 305 1396 346 Sed

189 368 292 408 haee
313 367 527 407 hactenus.
580 367 643 405 Tu
665 367 788 406 velim
810 367 960 405 scribas
983 367 1037 406 ad
1058 380 1140 414 me,
1158 368 1261 420 ⁴quid
1283 381 1396 421 agas,

192 437 236 469 et
267 431 338 468 ubi
375 429 538 468 futurus
576 432 644 476 sis,
677 435 726 468 ut
762 435 836 468 aut
874 443 955 482 quo
993 430 1168 469 scribam
1203 435 1278 469 aut
1314 445 1396 484 quo

194 495 370 539 veniam,
390 495 491 531 scire
509 495 676 544 possim.
1034 502 1037 506 ’

765 613 830 652 III

405 713 451 740 M.
471 713 636 739 TULLIUS
657 713 799 739 CICERO
819 714 850 739 S.
871 714 911 739 D.
931 715 968 740 A.
987 714 1198 745 TORQUATo

614 788 763 825 Romae.
780 798 889 821 A.u.c.
907 790 985 822 ⁹709.

157 872 174 905 1
246 865 528 917 Superioribus
554 865 703 903 litteris
729 865 1018 904 benevolentia
1043 868 1173 918 magis
1199 866 1401 909 adductus

195 942 320 981 quam
355 942 436 979 quo
468 940 534 966 res
567 930 627 965 ita
659 927 903 978 postularet,
937 927 995 966 fui
1029 928 1201 980 longior.
1255 929 1402 982 Neque

197 994 307 1030 enim
330 990 639 1029 confirmatione
663 996 803 1029 nostra
828 991 980 1042 egebat
1003 993 1131 1030 virtus
1155 997 1243 1039 tua,
1267 1006 1403 1045 neque

198 1060 289 1092 erat
312 1067 362 1092 ea
383 1066 478 1091 mea
500 1066 623 1091 causa
644 1058 772 1104 atque
794 1052 974 1100 fortuna,
997 1059 1059 1100 ut,
1081 1056 1146 1092 eui
1167 1057 1246 1106 ipsi
1267 1058 1404 1095 omnia

158 1123 178 1154 2
197 1117 405 1162 deessent,
429 1116 606 1154 alterum
629 1116 925 1154 confirmarem.
979 1116 1069 1155 Hoc
1091 1119 1195 1155 item
1217 1123 1404 1170 tempore

197 1180 358 1218 brevior
385 1192 475 1217 esse
502 1179 648 1217 debeo.
703 1178 795 1217 Sive
823 1182 932 1217 enim
958 1179 1058 1218 nihil
1082 1185 1174 1218 tum
1199 1193 1300 1232 opus
1325 1179 1406 1221 fuit

198 1248 286 1280 tam
307 1241 447 1279 multis
469 1242 617 1287 verbis,
639 1241 764 1280 nihilo
786 1244 916 1293 magis
939 1256 1046 1281 nunc
1068 1256 1170 1294 opus
1193 1249 1284 1290 est;
1320 1246 1405 1284 sive

198 1310 289 1343 tum
311 1318 412 1355 opus
434 1303 528 1350 fuit,
550 1304 651 1342 illud
672 1306 771 1342 satis
794 1310 872 1351 est,
892 1307 1137 1356 praesertim
1158 1319 1252 1344 cum
1272 1319 1406 1347 acces-

200 1370 300 1406 serit
321 1367 421 1405 nihil
443 1369 550 1404 novi.
606 1366 712 1404 Nam
735 1369 814 1405 etsi
836 1368 1020 1418 quotidie
1043 1367 1198 1419 aliquid
1219 1369 1406 1410 audimus

201 1443 342 1468 earum
366 1443 518 1475 rerum,
545 1443 646 1481 quas
672 1429 727 1468 ad
750 1435 795 1468 te
819 1429 992 1481 perferri
1019 1433 1223 1478 existimo,
1248 1445 1408 1472 summa

200 1498 343 1531 tamen
359 1492 505 1530 eadem
522 1497 586 1530 est
602 1498 646 1530 et
659 1492 771 1531 idem
787 1495 936 1539 exituS‚
953 1506 1078 1544 quem
1093 1506 1170 1546 ego
1185 1499 1274 1533 tam
1287 1494 1407 1535 video

201 1558 352 1601 animo,
383 1568 508 1606 quam
539 1568 601 1600 ea,
633 1568 739 1606 quae
770 1555 894 1593 oeulis
925 1558 1141 1595 cernimus.
1195 1555 1283 1596 Nee
1311 1570 1408 1598 vero

202 1617 427 1669 quidquam
440 1617 573 1663 video,
588 1616 699 1668 quod
711 1630 793 1655 non
806 1618 918 1656 idem
932 1623 976 1656 te
989 1618 1129 1657 videre
1142 1624 1256 1658 certo
1269 1621 1407 1660 sciam.

202 1679 309 1718 Nam
335 1681 427 1725 etsi,
453 1692 578 1730 quem
603 1682 762 1718 exitum
785 1682 893 1718 acies
917 1679 1110 1719 habitura
1133 1683 1201 1727 sit,
1226 1681 1408 1722 divinare

202 1755 323 1780 nemo
347 1746 502 1792 potest,
527 1746 670 1780 tamen
695 1747 739 1780 et
762 1741 860 1780 belli
885 1744 1044 1780 exitum
1067 1742 1201 1789 video,
1227 1749 1284 1790 et,
1309 1746 1343 1783 si
1365 1745 1407 1784 id

202 1806 351 1849 minus,
378 1803 455 1843 hoc
483 1804 651 1855 quidem
677 1809 806 1850 certe,
834 1818 928 1842 cum
955 1807 1010 1843 sit
1036 1818 1205 1844 necesse
1232 1805 1408 1846 alterum

205 1872 343 1904 utrum
374 1868 550 1912 vincere,
583 1866 713 1917 qualis
744 1865 885 1904 futura
916 1869 971 1905 sit
1001 1866 1067 1905 vel
1097 1867 1214 1914 haee,
1244 1868 1311 1907 vel
1340 1869 1410 1908 illa

254 1997 270 2012 ⁴²
295 1992 369 2025 Not
389 1991 459 2033 Ep.
486 1994 521 2026 ii.
547 1995 582 2026 in
606 1993 676 2026 this
700 1992 810 2033 book,
834 1993 951 2027 which
974 2004 1046 2027 was
1069 1995 1208 2028 written
1233 1996 1268 2028 in
1293 1994 1407 2039 April,

210 2035 283 2068 and
295 2036 365 2068 this
383 2038 418 2069 in
434 2036 458 2070 J
460 2047 611 2079 anuary,
624 2039 680 2070 45.
733 2036 789 2069 He
806 2040 901 2070 must
917 2037 1009 2070 refer
1020 2041 1057 2070 to
1072 2048 1171 2071 some
1183 2038 1284 2072 other
1295 2039 1407 2074 letter.

207 2091 282 2126 488
