1442 2392
149 541 166 575 1

692 123 896 163 CICERO

765 274 826 313 VA

415 376 463 403 M.
488 376 528 403 τ.
556 378 591 403 c.
619 377 651 403 s.
679 377 719 403 n.
747 377 785 404 Ρ.
813 378 991 405 LENTULO
1019 379 1179 407 Paucos,

554 460 703 499 Romae,
721 460 825 494 Febr.
842 472 949 495 A.u.c.
966 464 1045 496 698.

247 535 430 575 Tametsi
484 537 584 575 mihi
639 537 738 575 nihil
791 536 870 576 fuit
924 541 1120 590 optatius,
1175 552 1299 590 quam
1353 543 1400 578 ut

196 602 372 650 primum
395 601 467 638 abs
489 606 533 638 te
556 603 658 652 ipso,
680 600 830 639 deinde
853 615 878 639 a
898 604 1046 640 ceteris
1067 602 1255 641 omnibus
1277 615 1401 653 quam

195 665 450 713 gratissimus
471 676 570 714 erga
598 668 642 701 te
673 676 761 701 esse
791 677 1070 716 cognoscerer,
1088 670 1231 703 tamen
1253 665 1402 703 afficior

196 738 355 763 summo
390 725 543 771 dolore,
579 726 778 764 eiusmodi
811 732 1000 778 tempora
1032 733 1127 778 post
1160 733 1276 766 tuam
1310 739 1401 778 pro-

194 786 417 825 fectionem
440 794 660 827 consecuta
683 801 786 835 esse,
809 795 856 828 ut
879 795 923 828 et
945 802 1081 828 meam
1104 795 1149 829 et
1170 795 1401 829 ceterorum

195 863 293 901 erga
321 856 365 888 te
396 850 519 889 fidem
549 856 593 889 et
620 851 952 890 benevolentiam
981 852 1128 890 absens
1153 854 1400 904 experirere.

192 911 252 951 Te
279 913 417 951 videre
445 919 488 952 et
514 916 682 960 sentire,
709 914 898 952 eamdem
925 914 1048 953 fidem
1075 928 1163 953 esse
1189 914 1400 953 hominum

192 977 235 1013 in
261 981 335 1014 tua
361 975 581 1027 dignitate,
608 990 732 1028 quam
760 990 838 1028 ego
863 979 906 1015 in
932 990 1026 1015 mea
1053 977 1185 1016 salute
1213 991 1303 1016 sum
1330 990 1401 1016 ex-

191 1043 348 1088 pertus,
375 1051 426 1076 ex
451 1040 533 1077 tuis
557 1038 705 1077 litteris
734 1039 933 1078 intellexi.
988 1039 1071 1078 Nos
1100 1053 1194 1078 cum
1221 1041 1400 1078 maxime

193 1101 373 1147 consilio,
395 1101 546 1148 studio,
566 1101 721 1148 labore,
742 1105 876 1154 gratia
898 1102 950 1141 de
972 1116 1095 1141 causa
1113 1105 1229 1155 regia
1248 1105 1400 1141 nitere-

192 1177 298 1209 mur,
323 1165 459 1203 subito
484 1170 628 1203 exorta
653 1171 717 1203 est
740 1164 897 1203 nefaria
922 1164 1088 1204 Catonis
1111 1164 1400 1218 promulgatio,

194 1239 301 1278 quae
332 1233 472 1265 nostra
501 1227 638 1266 studia
667 1228 900 1279 impediret,
932 1234 976 1267 et
1005 1230 1160 1267 animos
1190 1241 1215 1266 a
1243 1230 1399 1267 minore

193 1302 290 1327 eura
315 1289 367 1327 ad
391 1303 596 1328 summum
620 1293 810 1328 timorem
834 1290 1085 1329 traduceret.
1138 1290 1220 1329 Sed
1243 1295 1399 1337 tamen,

192 1354 235 1390 in
255 1351 485 1390 huiusmodi
506 1353 817 1403 perturbatione
836 1366 973 1392 rerum
994 1366 1243 1405 quamquam
1262 1355 1399 1391 omnia

194 1421 290 1453 sunt
318 1416 557 1462 metuenda,
586 1416 686 1454 nihil
713 1419 858 1468 magis,
887 1430 1011 1468 quam
1038 1416 1252 1468 perfidiam
1279 1418 1400 1455 time-

193 1492 283 1516 mus
302 1491 312 1524 ;
347 1484 392 1517 et
411 1478 559 1517 Catoni
578 1479 745 1530 quidem
766 1479 946 1531 (quoquo
965 1479 1087 1518 modo
1106 1491 1150 1518 se
1168 1491 1234 1518 res
1253 1478 1398 1532 habet)

194 1540 379 1591 profecto
407 1543 658 1580 resistemus.
724 1536 789 1580 De
818 1541 1097 1580 Alexandrina
1120 1554 1166 1580 re
1193 1554 1398 1593 causaque

193 1606 307 1655 regia
326 1609 491 1642 tantum
509 1603 643 1642 habeo
660 1604 854 1656 polliceri,
873 1617 940 1642 me
959 1605 1035 1643 tibi
1054 1605 1215 1643 absenti
1234 1605 1398 1656 tuisque

193 1667 478 1718 praesentibus
514 1667 720 1705 cumulate
755 1666 1073 1706 satisfacturum.
1127 1666 1208 1706 Sed
1241 1679 1398 1713 vereor,

194 1742 246 1767 ne
264 1735 336 1768 aut
353 1732 550 1781 eripiatur
564 1731 694 1776 nobis,
711 1736 784 1769 aut
799 1730 1013 1769 deseratur
1029 1743 1040 1776 ς
1071 1743 1243 1782 quorum
1258 1735 1396 1768 utrum

193 1795 326 1830 minus
351 1792 485 1838 velim,
509 1806 591 1831 non
613 1792 732 1831 facile
755 1806 920 1845 possum
944 1795 1192 1831 existimare.
1245 1791 1341 1838 Sed,
1361 1793 1395 1830 si

244 1893 258 1908 ⁰
281 1887 321 1921 C.
345 1888 492 1921 Porcius
515 1888 617 1927 Cato,
641 1889 782 1922 tribune
798 1888 868 1922 this
891 1899 988 1931 year,
1005 1887 1180 1930 proposed
1200 1898 1222 1920 a
1241 1887 1302 1920 bill
1317 1887 1395 1922 that

199 1930 373 1964 Lentulus
390 1931 517 1964 should
533 1932 578 1965 be
599 1931 768 1974 deprived
787 1932 828 1965 of
848 1932 901 1964 his
920 1930 1189 1973 proconsulship
1207 1930 1248 1964 of
1259 1929 1393 1971 cilicia,

198 1974 311 2007 which
339 1974 455 2008 would
481 1976 559 2017 ipso
580 1975 676 2016 facto
699 1975 819 2008 cancel
844 1974 1047 2008 Lentulus‘s
1074 1974 1179 2008 claim
1202 1977 1239 2007 to
1264 1978 1393 2008 restore

196 2017 294 2059 King
311 2017 483 2060 Ptolemy.

201 2076 247 2108 18
