1442 2392
696 165 899 204 CICERO

192 269 359 320 quidem
387 272 569 309 animum
596 275 644 308 tu
672 284 754 309 non
781 273 1027 321 perspexisti
1054 270 1199 317 solum,
1225 270 1398 310 curn=1de

190 347 258 372 me
296 348 454 386 ageres,
491 335 565 373 sed
602 338 729 374 etiam
765 336 1014 374 confirmasti
1051 341 1178 388 atqu'e
1215 334 1400 375 tenuisti.

124 403 165 435 14
192 399 285 446 Qua
317 402 359 437 in
393 414 516 438 causa
551 400 648 452 (non
682 401 804 439 modo
838 415 920 439 non
955 402 1131 453 negabo,
1164 401 1240 440 sed
1273 391 1399 446 etiam

190 478 354 515 semper
385 471 429 503 et
461 468 687 504 meminero
721 473 764 505 et
796 466 1043 517 praedicabo
1078 466 1272 518 libenter)
1304 462 1400 509 usus

191 543 234 568 es
264 531 508 581 quibusdam
538 532 795 570 nobilissimis
823 531 1068 578 hominibus,
1095 531 1331 573 fortioribus
1355 533 1399 571 in

190 609 257 634 me
273 596 545 642 restituendo,
562 610 686 648 quam
702 596 868 636 fuerant
882 597 1007 636 iidem
1023 601 1064 636 in
1080 597 1263 636 tenendo
1280 610 1290 644 3
1317 609 1400 649 qua

191 663 233 698 in
261 665 470 700 sententia
497 665 529 700 si
557 668 745 701 constare
774 662 1010 709 voluissent,
1037 676 1153 702 suam
1181 665 1400 708 auctorit&

191 732 278 764 tem
298 727 418 764 simul
437 741 529 765 cum
550 727 682 766 salute
703 741 796 766 mea
810 733 1136 779 recuperassen’m
1190 727 1400 767 Recreatis'

192 794 301 829 enim
336 792 451 831 bonis
488 795 579 830 viris
614 793 829 832 consulatu
862 799 950 839 tuo,
985 799 1030 832 et
1063 795 1400 833 constantissimis

191 862 318 907 atque
340 860 505 908 optimis
527 859 755 897 actionibus
777 861 858 897 tuis
881 861 1086 905 excitatis,
1107 859 1182 897 Cn.
1204 858 1400 910 Pompeio

190 925 434 972 praesertim
463 923 516 962 ad
543 937 709 962 causam
730 924 938 970 adiuncto,
961 938 1053 962 cum
1079 927 1207 962 etiam
1235 924 1395 971 Caesam

190 988 313 1025 rebus
340 991 528 1026 maximis
554 992 697 1039 gestis,
724 989 995 1040 singularibus
1021 994 1190 1028 ornatus
1217 994 1262 1028 et
1287 991 1397 1037 novis

191 1052 411 1092 honoribus
441 1067 487 1092 ac
515 1054 672 1092 iudiciis
701 1060 883 1100 senatus,
913 1054 966 1093 ad
994 1057 1284 1093 auctoritatem
1313 1044 1397 1098 eius

191 1118 341 1157 ordinis
388 1119 697 1171 adiungeretur,
729 1119 829 1158 nulli
859 1120 1046 1171 improbo
1078 1122 1155 1158 civi
1199 1119 1311 1159 locus
1347 1119 1397 1160 ad

124 1188 165 1220 15
191 1184 487 1234 rempublicam
501 1185 731 1223 violandam
746 1198 835 1223 esse
847 1188 1066 1236 potuisset.
1117 1184 1201 1225 Sed
1212 1185 1397 1232 attende,

193 1262 360 1300 quaeso,
393 1263 500 1301 quae
537 1253 619 1289 sint
651 1256 885 1289 consecuta.
958 1250 1139 1289 Primum
1173 1251 1244 1289 illa
1277 1250 1397 1289 furia¹

192 1315 452 1353 muliebrium
467 1315 724 1367 religionum,
740 1319 809 1367 qui
829 1330 910 1354 non
929 1316 1054 1367 pluris
1069 1315 1227 1355 fecerat
1244 1315 1398 1356 Bonam

194 1379 343 1425 Deam,
371 1393 495 1432 quam
523 1386 607 1419 tres
634 1394 806 1427 sorores,
832 1384 1124 1432 impunitatem
1151 1387 1216 1420 est
1241 1381 1401 1427 illorum

193 1448 410 1484 sententiis
430 1452 654 1492 assecutus,
675 1449 744 1498 qui
764 1446 874 1499 (cum
893 1447 1080 1485 tribunus
1098 1445 1230 1498 plebis
1246 1460 1402 1498 poenas

194 1523 219 1548 a
234 1511 428 1549 seditioso
444 1514 520 1549 civi
535 1524 610 1562 per
625 1512 752 1550 bonos
768 1514 873 1550 viros
888 1512 1037 1550 iudicio
1051 1515 1244 1563 persequi
1259 1511 1400 1564 vellet)

194 1576 430 1626 exemplum
451 1576 818 1627 praeclarissimum
838 1579 881 1614 in
900 1582 1113 1628 posterum
1133 1572 1401 1616 vindicandae

194 1641 405 1679 seditionis
420 1641 472 1680 de
486 1642 696 1692 republica
709 1641 964 1680 sustulerunt
980 1654 991 1688 ;
1019 1641 1228 1694 iidemque
1240 1647 1401 1694 postea,

244 1750 257 1770 ¹
280 1749 522 1784 Bandinelli's
538 1751 725 1792 inqenious
740 1751 949 1793 conjecture,
967 1750 1117 1784 Clodius
1133 1750 1236 1793 being]
1251 1751 1347 1794 often
1362 1762 1400 1786 σο

199 1793 314 1826 called
338 1794 381 1836 by
407 1794 547 1828 Cicero:
580 1794 642 1827 illa
662 1794 761 1828 furta
784 1804 877 1832 uss„
902 1794 1044 1833 leavina
1073 1805 1122 1828 an
1143 1795 1400 1830 anacoluthon:

202 1839 259 1874 ille
275 1841 334 1872 fur
350 1840 558 1874 Lambinus.

246 1987 262 2003 ‘¹
285 1983 387 2016 Bona
409 1984 496 2022 Dea,
521 1984 581 2017 the
604 1983 758 2026 goddess
783 1983 823 2016 of
843 1984 1010 2026 chastity‚
1034 1983 1258 2027 worshipped
1283 1983 1399 2018 exelu-

199 2026 310 2069 sively
337 2027 388 2069 by
415 2038 565 2060 women.
615 2027 690 2060 Her
718 2029 902 2069 mysteries
930 2026 1002 2061 had
1030 2026 1119 2061 been
1146 2026 1322 2070 profaned
1349 2027 1398 2072 by

200 2069 346 2104 Clodius
363 2072 399 2104 in
416 2073 459 2104 62
478 2082 543 2104 n-c.

203 2121 254 2161 64·
