1442 2392
668 167 871 206 CICERO

166 272 272 325 gulis
291 272 344 311 ad
362 277 406 310 te
425 271 547 310 rebus
565 271 757 316 scribere,
776 273 809 308 si
830 270 892 308 M.
910 270 1079 317 Tullius,
1097 270 1229 310 scriba
1245 283 1377 318 meus,

169 344 361 389 adesset3
399 343 451 380 de
475 355 556 394 quo
579 341 679 379 mihi
703 341 962 392 exploratum
986 347 1064 388 est,
1086 344 1129 380 in
1151 341 1378 381 rationibus

117 425 121 429 ’
169 414 389 453 dumtaxat
410 412 637 451 referendis
662 412 731 465 (de
755 414 903 450 ceteris
926 412 1049 451 rebus
1073 412 1273 452 affirmare
1297 425 1379 453 non

169 483 367 536 possum),
406 483 507 521 nihil
546 496 642 521 eum
681 482 826 521 fecisse
865 485 1080 528 scientem,
1119 482 1231 535 quod
1270 487 1381 522 esset

171 561 314 593 contra
347 559 421 592 aut
452 567 540 592 rem
574 559 648 592 aut
671 556 1020 592 existimationem
1043 559 1160 592 tuam
1174 566 1185 600 3
1215 553 1325 600 dein,
1348 554 1382 591 si

170 628 377 664 rationum
407 624 718 662 referendarum
748 626 810 662 ius
843 630 961 662 vetus
994 630 1039 663 et
1068 637 1157 663 mos
1189 626 1381 676 antiquus

171 701 374 742 maneret,
413 708 480 733 me
519 695 746 734 relaturum
783 697 979 741 rationes,
1017 696 1095 733 nisi
1131 700 1272 734 tecum
1308 707 1383 746 pro

172 769 458 805 coniunctione
481 771 646 804 nostrae
670 765 981 804 necessitudinis
1004 765 1267 804 contulissem
1290 762 1385 804 con-

173 836 460 887 fecissemque,
493 849 575 874 non
606 834 747 874 fuisse.
800 835 922 884 Quod
953 837 1080 887 igitur
1110 835 1299 875 fecissem
1331 835 1384 877 ad

175 907 348 952 Urbem,
373 910 407 945 si
434 906 689 945 consuetudo
716 908 890 957 pristina
917 912 1120 953 maneret,
1141 895 1198 953 id,
1219 905 1384 959 quando

173 978 267 1030 lege
300 977 405 1015 Iulia
434 977 666 1028 relinquere
697 979 877 1015 rationes
907 979 950 1014 in
980 979 1188 1028 provincia
1216 983 1385 1016 necesse

176 1054 280 1095 erat,
301 1048 551 1099 easdemque
571 1047 749 1086 totidem
768 1048 902 1086 verbis
922 1046 1075 1086 referre
1097 1048 1149 1086 ad
1169 1051 1385 1094 aerarium,

175 1119 255 1158 feci
275 1122 317 1157 in
336 1121 557 1170 provincia.
598 1117 744 1170 Neque
763 1121 825 1156 ita
844 1117 938 1165 feci,
958 1124 1007 1158 ut
1026 1124 1070 1158 te
1091 1119 1145 1157 ad
1164 1132 1303 1158 meum
1324 1132 1386 1165 ar-

175 1191 344 1229 bitrium
365 1190 628 1235 adducerem,
648 1189 723 1227 sed
742 1190 867 1227 tribui
887 1190 964 1228 tibi
984 1195 1164 1236 tantum,
1184 1196 1386 1242 quantum

175 1275 242 1300 me
284 1261 476 1299 tribuisse
518 1273 744 1311 numquam
784 1260 1031 1311 poenitebit.
1083 1260 1235 1299 Totum
1277 1264 1387 1299 enim

175 1332 349 1371 scribam
366 1344 520 1377 meum,
537 1344 661 1382 quem
677 1331 754 1369 tibi
770 1331 889 1369 video
905 1345 1014 1370 nunc
1030 1344 1120 1370 esse
1135 1337 1388 1383 suspectum,

177 1404 254 1441 tibi
270 1402 420 1441 tradidi
438 1414 448 1448 ;
477 1407 523 1440 tu
541 1404 578 1440 ei
597 1402 658 1439 M.
677 1401 896 1448 Mindium‚
911 1401 1083 1440 fratrem
1098 1408 1231 1449 tuum,
1246 1402 1388 1441 adiun-

178 1476 288 1512 xisti.
342 1473 538 1512 Rationes
553 1471 768 1512 confectae
783 1486 850 1510 me
867 1473 1040 1512 absente
1055 1479 1152 1512 sunt
1166 1479 1320 1519 tecum,
1335 1473 1389 1512 ad

179 1558 280 1596 quas
301 1557 379 1596 ego
399 1543 499 1581 nihil
519 1543 684 1582 adhibui
704 1549 872 1594 praeter
890 1543 1124 1582 lectionem.
1163 1544 1231 1583 Ita
1249 1546 1388 1596 accepi

178 1614 327 1653 librum
352 1629 376 1653 a
398 1628 492 1653 meo
516 1627 632 1652 servo
656 1614 801 1660 scriba,
825 1620 873 1653 ut
896 1614 1090 1653 eumdem
1114 1617 1342 1666 acceperim
1364 1628 1390 1655 a

179 1685 307 1724 fratre
325 1691 412 1724 tuo.
465 1684 507 1724 Si
524 1685 652 1723 honos
668 1687 702 1723 is
719 1684 812 1731 fuit,
830 1688 1027 1723 maiorem
1045 1686 1121 1724 tibi
1137 1685 1291 1724 habere
1308 1698 1390 1725 non

179 1759 296 1808 potui
315 1769 324 1802 ;
359 1758 392 1794 si
412 1755 528 1801 fides,
547 1758 744 1793 maiorem
764 1755 839 1793 tibi
859 1755 998 1802 habui,
1018 1769 1142 1807 quam
1160 1769 1294 1808 paene
1312 1759 1390 1808 ipsi

184 1826 284 1865 mihi
302 1840 312 1873 ;
348 1829 381 1865 si
401 1826 698 1877 providendum
719 1825 813 1871 fuit,
834 1840 886 1864 ne
908 1827 1007 1877 quid
1032 1826 1152 1865 aliter
1177 1840 1224 1865 ac
1249 1827 1325 1865 tibi
1346 1832 1391 1866 et

236 1933 251 1948 ‘²
274 1928 307 1960 A
321 1926 506 1960 freedman
523 1926 564 1959 of
576 1925 729 1960 Cicero’s
745 1925 864 1959 whose
879 1926 943 1959 full
968 1938 1074 1960 name
1089 1937 1161 1960 was
1183 1927 1237 1960 M.
1254 1926 1392 1961 Tullius

192 1971 345 2004 Laurea.
410 1969 605 2003 Freedmen
638 1969 822 2012 generally
851 1970 939 2003 took
972 1970 1033 2004 the
1067 1981 1282 2013 praenomm
1318 1970 1391 2005 and

190 2025 315 2047 nomen
331 2014 372 2047 of
384 2013 475 2047 their
491 2017 634 2047 master.

237 2058 250 2078 ὃ
276 2057 304 2089 Α
325 2056 464 2090 banker
479 2060 518 2090 at
534 2057 621 2096 Elis,
638 2056 718 2089 who
735 2056 841 2090 made
859 2056 976 2090 Rufus
992 2056 1047 2090 his
1063 2057 1150 2091 heir.

196 2113 270 2150 408
