<?xml version="1.0" encoding="UTF-8"?>
<!DOCTYPE html PUBLIC "-//W3C//DTD XHTML 1.0 Transitional//EN"
    "http://www.w3.org/TR/xhtml1/DTD/xhtml1-transitional.dtd">
<html xmlns="http://www.w3.org/1999/xhtml" xml:lang="en" lang="en">
 <head>
  <title>
</title>
<meta http-equiv="Content-Type" content="text/html;charset=utf-8" />
  <meta name='ocr-system' content='tesseract 3.04.00' />
  <meta name='ocr-capabilities' content='ocr_page ocr_carea ocr_par ocr_line ocrx_word'/>
</head>
<body>
  <div class='ocr_page' id='page_1' title='image "./letterstohisfrie01ciceuoft_0322.png"; bbox 0 0 1442 2392; ppageno 0'>
   <div class='ocr_carea' id='block_1_1' title="bbox 120 542 140 575">
    <p class='ocr_par' dir='ltr' id='par_1_1' title="bbox 120 542 140 575">
     <span class='ocr_line' id='line_1_1' title="bbox 120 542 140 575; baseline 0 0"><span class='ocrx_word' id='word_1_1' title='bbox 120 542 140 575; x_wconf 91' lang='lat'>1</span> 
     </span>
    </p>
   </div>
   <div class='ocr_carea' id='block_1_2' title="bbox 669 137 874 177">
    <p class='ocr_par' dir='ltr' id='par_1_2' title="bbox 669 137 874 177">
     <span class='ocr_line' id='line_1_2' title="bbox 669 137 874 177; baseline 0.005 -1"><span class='ocrx_word' id='word_1_2' title='bbox 669 137 874 177; x_wconf 88' lang='lat' dir='ltr'>CICERO</span> 
     </span>
    </p>
   </div>
   <div class='ocr_carea' id='block_1_3' title="bbox 719 256 823 296">
    <p class='ocr_par' dir='ltr' id='par_1_3' title="bbox 719 256 823 296">
     <span class='ocr_line' id='line_1_3' title="bbox 719 256 823 296; baseline 0 0"><span class='ocrx_word' id='word_1_3' title='bbox 719 256 823 296; x_wconf 93' lang='lat' dir='ltr'>VIII</span> 
     </span>
    </p>
   </div>
   <div class='ocr_carea' id='block_1_4' title="bbox 455 372 1065 402">
    <p class='ocr_par' dir='ltr' id='par_1_4' title="bbox 455 372 1065 402">
     <span class='ocr_line' id='line_1_4' title="bbox 455 372 1065 402; baseline 0.005 -3"><span class='ocrx_word' id='word_1_4' title='bbox 455 372 504 400; x_wconf 80' lang='lat' dir='ltr'><strong>M.</strong></span> <span class='ocrx_word' id='word_1_5' title='bbox 529 373 567 399; x_wconf 87' lang='grc' dir='ltr'><strong>Τ.</strong></span> <span class='ocrx_word' id='word_1_6' title='bbox 596 375 630 400; x_wconf 83' lang='lat' dir='ltr'><strong>C.</strong></span> <span class='ocrx_word' id='word_1_7' title='bbox 657 374 690 400; x_wconf 88' lang='lat' dir='ltr'><strong>S.</strong></span> <span class='ocrx_word' id='word_1_8' title='bbox 719 375 758 400; x_wconf 90' lang='lat' dir='ltr'><strong>D.</strong></span> <span class='ocrx_word' id='word_1_9' title='bbox 786 375 832 401; x_wconf 87' lang='grc' dir='ltr'><strong>Μ.</strong></span> <span class='ocrx_word' id='word_1_10' title='bbox 859 375 1065 402; x_wconf 75' lang='lat' dir='ltr'><strong>MARCELLO</strong></span> 
     </span>
    </p>
   </div>
   <div class='ocr_carea' id='block_1_5' title="bbox 586 464 956 504">
    <p class='ocr_par' dir='ltr' id='par_1_5' title="bbox 586 464 956 504">
     <span class='ocr_line' id='line_1_5' title="bbox 586 464 956 504; baseline 0.005 -7"><span class='ocrx_word' id='word_1_11' title='bbox 586 464 735 504; x_wconf 86' lang='lat' dir='ltr'><strong>Romae,</strong></span> <span class='ocrx_word' id='word_1_12' title='bbox 753 475 859 498; x_wconf 73' lang='lat' dir='ltr'><strong>A.U.c.</strong></span> <span class='ocrx_word' id='word_1_13' title='bbox 878 467 956 499; x_wconf 78' lang='lat'><strong>708.</strong></span> 
     </span>
    </p>
   </div>
   <div class='ocr_carea' id='block_1_6' title="bbox 153 538 1400 1987">
    <p class='ocr_par' dir='ltr' id='par_1_6' title="bbox 153 538 1400 1987">
     <span class='ocr_line' id='line_1_6' title="bbox 219 538 1368 594; baseline 0.003 -18"><span class='ocrx_word' id='word_1_14' title='bbox 219 538 365 591; x_wconf 81' lang='lat' dir='ltr'>Neque</span> <span class='ocrx_word' id='word_1_15' title='bbox 405 554 571 579; x_wconf 89' lang='lat' dir='ltr'><strong>monere</strong></span> <span class='ocrx_word' id='word_1_16' title='bbox 612 547 655 580; x_wconf 91' lang='lat' dir='ltr'><strong>te</strong></span> <span class='ocrx_word' id='word_1_17' title='bbox 697 543 843 589; x_wconf 85' lang='lat' dir='ltr'><strong>audeo,</strong></span> <span class='ocrx_word' id='word_1_18' title='bbox 882 544 1110 594; x_wconf 79' lang='lat' dir='ltr'><strong>praestanti</strong></span> <span class='ocrx_word' id='word_1_19' title='bbox 1150 541 1368 594; x_wconf 77' lang='lat' dir='ltr'><strong>prudentia</strong></span> 
     </span>
     <span class='ocr_line' id='line_1_7' title="bbox 169 614 1400 659; baseline 0.005 -9"><span class='ocrx_word' id='word_1_20' title='bbox 169 615 313 659; x_wconf 86' lang='lat' dir='ltr'><strong>virum,</strong></span> <span class='ocrx_word' id='word_1_21' title='bbox 331 627 406 652; x_wconf 91' lang='lat' dir='ltr'><strong>nec</strong></span> <span class='ocrx_word' id='word_1_22' title='bbox 422 614 662 654; x_wconf 85' lang='lat' dir='ltr'><strong>confirmare</strong></span> <span class='ocrx_word' id='word_1_23' title='bbox 678 619 845 654; x_wconf 87' lang='lat' dir='ltr'><strong>maximi</strong></span> <span class='ocrx_word' id='word_1_24' title='bbox 862 619 986 655; x_wconf 85' lang='lat' dir='ltr'><strong>animi</strong></span> <span class='ocrx_word' id='word_1_25' title='bbox 1002 616 1210 655; x_wconf 90' lang='lat' dir='ltr'><strong>hominem</strong></span> <span class='ocrx_word' id='word_1_26' title='bbox 1226 630 1370 655; x_wconf 89' lang='lat' dir='ltr'><strong>unum-</strong></span> <span class='ocrx_word' id='word_1_27' title='bbox 1393 639 1400 648; x_wconf 92' lang='lat'><strong>·</strong></span> 
     </span>
     <span class='ocr_line' id='line_1_8' title="bbox 168 685 1368 737; baseline 0.003 -13"><span class='ocrx_word' id='word_1_28' title='bbox 168 698 250 737; x_wconf 86' lang='lat' dir='ltr'><strong>que</strong></span> <span class='ocrx_word' id='word_1_29' title='bbox 278 685 558 734; x_wconf 88' lang='lat' dir='ltr'><strong>fortissimum,</strong></span> <span class='ocrx_word' id='word_1_30' title='bbox 587 689 783 727; x_wconf 88' lang='lat' dir='ltr'><strong>consolari</strong></span> <span class='ocrx_word' id='word_1_31' title='bbox 812 703 907 729; x_wconf 88' lang='lat' dir='ltr'><strong>vero</strong></span> <span class='ocrx_word' id='word_1_32' title='bbox 936 690 1046 728; x_wconf 90' lang='lat' dir='ltr'><strong>nullo</strong></span> <span class='ocrx_word' id='word_1_33' title='bbox 1075 690 1210 729; x_wconf 88' lang='lat' dir='ltr'><strong>modo.</strong></span> <span class='ocrx_word' id='word_1_34' title='bbox 1263 689 1368 728; x_wconf 84' lang='lat' dir='ltr'><strong>Nam</strong></span> 
     </span>
     <span class='ocr_line' id='line_1_9' title="bbox 167 762 1369 816; baseline 0.004 -19"><span class='ocrx_word' id='word_1_35' title='bbox 167 762 201 797; x_wconf 89' lang='lat' dir='ltr'><strong>si</strong></span> <span class='ocrx_word' id='word_1_36' title='bbox 229 773 292 806; x_wconf 91' lang='lat' dir='ltr'><strong>ea,</strong></span> <span class='ocrx_word' id='word_1_37' title='bbox 320 774 426 812; x_wconf 91' lang='lat' dir='ltr'><strong>quae</strong></span> <span class='ocrx_word' id='word_1_38' title='bbox 453 762 703 809; x_wconf 86' lang='lat' dir='ltr'><strong>acciderunt,</strong></span> <span class='ocrx_word' id='word_1_39' title='bbox 727 765 789 802; x_wconf 87' lang='lat' dir='ltr'><strong>ita</strong></span> <span class='ocrx_word' id='word_1_40' title='bbox 814 762 910 810; x_wconf 87' lang='lat' dir='ltr'><strong>fers,</strong></span> <span class='ocrx_word' id='word_1_41' title='bbox 938 769 985 802; x_wconf 90' lang='lat' dir='ltr'><strong>ut</strong></span> <span class='ocrx_word' id='word_1_42' title='bbox 1011 763 1147 810; x_wconf 85' lang='lat' dir='ltr'><strong>audio,</strong></span> <span class='ocrx_word' id='word_1_43' title='bbox 1172 762 1369 816; x_wconf 84' lang='lat' dir='ltr'><strong>gratulari</strong></span> 
     </span>
     <span class='ocr_line' id='line_1_10' title="bbox 166 835 1367 887; baseline 0.004 -17"><span class='ocrx_word' id='word_1_44' title='bbox 166 835 297 884; x_wconf 85' lang='lat' dir='ltr'><strong>magis</strong></span> <span class='ocrx_word' id='word_1_45' title='bbox 322 836 464 873; x_wconf 89' lang='lat' dir='ltr'><strong>virtuti</strong></span> <span class='ocrx_word' id='word_1_46' title='bbox 489 835 636 882; x_wconf 86' lang='lat' dir='ltr'><strong>debeo,</strong></span> <span class='ocrx_word' id='word_1_47' title='bbox 661 849 785 887; x_wconf 92' lang='lat' dir='ltr'><strong>quam</strong></span> <span class='ocrx_word' id='word_1_48' title='bbox 809 836 1005 875; x_wconf 86' lang='lat' dir='ltr'><strong>consolari</strong></span> <span class='ocrx_word' id='word_1_49' title='bbox 1029 837 1211 875; x_wconf 89' lang='lat' dir='ltr'><strong>dolorem</strong></span> <span class='ocrx_word' id='word_1_50' title='bbox 1234 843 1367 876; x_wconf 87' lang='lat' dir='ltr'><strong>tuum.</strong></span> 
     </span>
     <span class='ocr_line' id='line_1_11' title="bbox 166 904 1367 962; baseline 0.004 -18"><span class='ocrx_word' id='word_1_51' title='bbox 166 904 237 944; x_wconf 88' lang='lat' dir='ltr'><strong>Sin</strong></span> <span class='ocrx_word' id='word_1_52' title='bbox 254 912 298 945; x_wconf 88' lang='lat' dir='ltr'><strong>te</strong></span> <span class='ocrx_word' id='word_1_53' title='bbox 315 913 435 946; x_wconf 87' lang='lat' dir='ltr'><strong>tanta</strong></span> <span class='ocrx_word' id='word_1_54' title='bbox 451 908 559 946; x_wconf 86' lang='lat' dir='ltr'><strong>mala</strong></span> <span class='ocrx_word' id='word_1_55' title='bbox 574 909 822 960; x_wconf 88' lang='lat' dir='ltr'><strong>reipublicae</strong></span> <span class='ocrx_word' id='word_1_56' title='bbox 839 909 1049 962; x_wconf 87' lang='lat' dir='ltr'><strong>frangunt,</strong></span> <span class='ocrx_word' id='word_1_57' title='bbox 1066 923 1147 948; x_wconf 89' lang='lat' dir='ltr'><strong>non</strong></span> <span class='ocrx_word' id='word_1_58' title='bbox 1163 913 1224 949; x_wconf 82' lang='lat' dir='ltr'><strong>ita</strong></span> <span class='ocrx_word' id='word_1_59' title='bbox 1241 910 1367 962; x_wconf 69' lang='lat' dir='ltr'><strong>abun-</strong></span> 
     </span>
     <span class='ocr_line' id='line_1_12' title="bbox 167 976 1365 1035; baseline 0.004 -17"><span class='ocrx_word' id='word_1_60' title='bbox 167 980 220 1018; x_wconf 89' lang='lat' dir='ltr'><strong>do</strong></span> <span class='ocrx_word' id='word_1_61' title='bbox 241 983 421 1032; x_wconf 89' lang='lat' dir='ltr'><strong>ingenio,</strong></span> <span class='ocrx_word' id='word_1_62' title='bbox 443 988 488 1020; x_wconf 88' lang='lat' dir='ltr'><strong>ut</strong></span> <span class='ocrx_word' id='word_1_63' title='bbox 509 988 553 1020; x_wconf 91' lang='lat' dir='ltr'><strong>te</strong></span> <span class='ocrx_word' id='word_1_64' title='bbox 575 976 770 1029; x_wconf 90' lang='lat' dir='ltr'><strong>consoler,</strong></span> <span class='ocrx_word' id='word_1_65' title='bbox 790 997 883 1022; x_wconf 91' lang='lat' dir='ltr'><strong>cum</strong></span> <span class='ocrx_word' id='word_1_66' title='bbox 903 987 991 1034; x_wconf 89' lang='lat' dir='ltr'><strong>ipse</strong></span> <span class='ocrx_word' id='word_1_67' title='bbox 1011 997 1079 1022; x_wconf 90' lang='lat' dir='ltr'><strong>me</strong></span> <span class='ocrx_word' id='word_1_68' title='bbox 1100 998 1183 1023; x_wconf 94' lang='lat' dir='ltr'><strong>non</strong></span> <span class='ocrx_word' id='word_1_69' title='bbox 1201 986 1365 1035; x_wconf 86' lang='lat' dir='ltr'><strong>possim.</strong></span> 
     </span>
     <span class='ocr_line' id='line_1_13' title="bbox 166 1053 1367 1108; baseline 0.005 -18"><span class='ocrx_word' id='word_1_70' title='bbox 166 1053 384 1105; x_wconf 87' lang='lat' dir='ltr'><strong>Reliquum</strong></span> <span class='ocrx_word' id='word_1_71' title='bbox 403 1061 466 1093; x_wconf 90' lang='lat' dir='ltr'><strong>est</strong></span> <span class='ocrx_word' id='word_1_72' title='bbox 483 1058 623 1106; x_wconf 88' lang='lat' dir='ltr'><strong>igitur,</strong></span> <span class='ocrx_word' id='word_1_73' title='bbox 642 1062 689 1095; x_wconf 89' lang='lat' dir='ltr'><strong>ut</strong></span> <span class='ocrx_word' id='word_1_74' title='bbox 706 1057 782 1095; x_wconf 90' lang='lat' dir='ltr'><strong>tibi</strong></span> <span class='ocrx_word' id='word_1_75' title='bbox 800 1070 867 1095; x_wconf 92' lang='lat' dir='ltr'><strong>me</strong></span> <span class='ocrx_word' id='word_1_76' title='bbox 886 1060 928 1095; x_wconf 90' lang='lat' dir='ltr'><strong>in</strong></span> <span class='ocrx_word' id='word_1_77' title='bbox 946 1060 1055 1095; x_wconf 92' lang='lat' dir='ltr'><strong>omni</strong></span> <span class='ocrx_word' id='word_1_78' title='bbox 1073 1070 1118 1096; x_wconf 87' lang='lat' dir='ltr'><strong>re</strong></span> <span class='ocrx_word' id='word_1_79' title='bbox 1137 1070 1232 1096; x_wconf 88' lang='lat' dir='ltr'><strong>eum</strong></span> <span class='ocrx_word' id='word_1_80' title='bbox 1250 1058 1367 1108; x_wconf 75' lang='lat' dir='ltr'><strong>prae-</strong></span> 
     </span>
     <span class='ocr_line' id='line_1_14' title="bbox 164 1127 1372 1182; baseline 0.004 -18"><span class='ocrx_word' id='word_1_81' title='bbox 164 1127 285 1165; x_wconf 85' lang='lat' dir='ltr'><strong>beam</strong></span> <span class='ocrx_word' id='word_1_82' title='bbox 304 1134 609 1180; x_wconf 80' lang='lat' dir='ltr'><strong>praestemque,</strong></span> <span class='ocrx_word' id='word_1_83' title='bbox 629 1135 673 1168; x_wconf 87' lang='lat' dir='ltr'><strong>et</strong></span> <span class='ocrx_word' id='word_1_84' title='bbox 693 1130 746 1168; x_wconf 90' lang='lat' dir='ltr'><strong>ad</strong></span> <span class='ocrx_word' id='word_1_85' title='bbox 766 1133 915 1176; x_wconf 86' lang='lat' dir='ltr'><strong>omnia,</strong></span> <span class='ocrx_word' id='word_1_86' title='bbox 936 1144 1042 1182; x_wconf 91' lang='lat' dir='ltr'><strong>quae</strong></span> <span class='ocrx_word' id='word_1_87' title='bbox 1063 1133 1124 1169; x_wconf 92' lang='lat' dir='ltr'><strong>tui</strong></span> <span class='ocrx_word' id='word_1_88' title='bbox 1144 1130 1286 1177; x_wconf 85' lang='lat' dir='ltr'><strong>velint,</strong></span> <span class='ocrx_word' id='word_1_89' title='bbox 1305 1133 1372 1173; x_wconf 80' lang='lat' dir='ltr'><strong>ita&#39;</strong></span> 
     </span>
     <span class='ocr_line' id='line_1_15' title="bbox 163 1201 1364 1252; baseline 0.005 -14"><span class='ocrx_word' id='word_1_90' title='bbox 163 1201 293 1239; x_wconf 83' lang='lat' dir='ltr'><strong>adsim</strong></span> <span class='ocrx_word' id='word_1_91' title='bbox 318 1208 498 1252; x_wconf 87' lang='lat' dir='ltr'><strong>praesto,</strong></span> <span class='ocrx_word' id='word_1_92' title='bbox 524 1209 571 1241; x_wconf 88' lang='lat' dir='ltr'><strong>ut</strong></span> <span class='ocrx_word' id='word_1_93' title='bbox 596 1216 662 1241; x_wconf 89' lang='lat' dir='ltr'><strong>me</strong></span> <span class='ocrx_word' id='word_1_94' title='bbox 689 1217 771 1241; x_wconf 90' lang='lat' dir='ltr'><strong>non</strong></span> <span class='ocrx_word' id='word_1_95' title='bbox 796 1204 926 1242; x_wconf 84' lang='lat' dir='ltr'><strong>solum</strong></span> <span class='ocrx_word' id='word_1_96' title='bbox 952 1207 1088 1243; x_wconf 83' lang='lat' dir='ltr'><strong>omnia</strong></span> <span class='ocrx_word' id='word_1_97' title='bbox 1113 1204 1266 1243; x_wconf 80' lang='lat' dir='ltr'><strong>debere</strong></span> <span class='ocrx_word' id='word_1_98' title='bbox 1291 1211 1364 1245; x_wconf 80' lang='lat' dir='ltr'><strong>tua</strong></span> 
     </span>
     <span class='ocr_line' id='line_1_16' title="bbox 162 1277 1359 1329; baseline 0.007 -19"><span class='ocrx_word' id='word_1_99' title='bbox 162 1287 298 1320; x_wconf 83' lang='lat' dir='ltr'><strong>eausa,</strong></span> <span class='ocrx_word' id='word_1_100' title='bbox 315 1287 421 1325; x_wconf 89' lang='lat' dir='ltr'><strong>quae</strong></span> <span class='ocrx_word' id='word_1_101' title='bbox 441 1278 605 1325; x_wconf 88' lang='lat' dir='ltr'><strong>possim,</strong></span> <span class='ocrx_word' id='word_1_102' title='bbox 626 1277 699 1314; x_wconf 91' lang='lat' dir='ltr'><strong>sed</strong></span> <span class='ocrx_word' id='word_1_103' title='bbox 724 1280 850 1315; x_wconf 86' lang='lat' dir='ltr'><strong>etiam</strong></span> <span class='ocrx_word' id='word_1_104' title='bbox 877 1290 926 1315; x_wconf 91' lang='lat' dir='ltr'><strong>ea</strong></span> <span class='ocrx_word' id='word_1_105' title='bbox 948 1291 1055 1329; x_wconf 88' lang='lat' dir='ltr'><strong>quae</strong></span> <span class='ocrx_word' id='word_1_106' title='bbox 1074 1291 1156 1316; x_wconf 89' lang='lat' dir='ltr'><strong>non</strong></span> <span class='ocrx_word' id='word_1_107' title='bbox 1179 1278 1359 1329; x_wconf 75' lang='lat' dir='ltr'><strong>possim,¹</strong></span> 
     </span>
     <span class='ocr_line' id='line_1_17' title="bbox 161 1348 1358 1397; baseline 0.006 -13"><span class='ocrx_word' id='word_1_108' title='bbox 161 1353 319 1397; x_wconf 90' lang='lat' dir='ltr'><strong>putem.</strong></span> <span class='ocrx_word' id='word_1_109' title='bbox 368 1348 474 1386; x_wconf 92' lang='lat' dir='ltr'><strong>Illud</strong></span> <span class='ocrx_word' id='word_1_110' title='bbox 485 1353 627 1387; x_wconf 90' lang='lat' dir='ltr'><strong>tamen</strong></span> <span class='ocrx_word' id='word_1_111' title='bbox 640 1349 704 1388; x_wconf 92' lang='lat' dir='ltr'><strong>vel</strong></span> <span class='ocrx_word' id='word_1_112' title='bbox 721 1356 768 1389; x_wconf 92' lang='lat' dir='ltr'><strong>tu</strong></span> <span class='ocrx_word' id='word_1_113' title='bbox 782 1363 849 1388; x_wconf 91' lang='lat' dir='ltr'><strong>me</strong></span> <span class='ocrx_word' id='word_1_114' title='bbox 861 1354 1064 1390; x_wconf 88' lang='lat' dir='ltr'><strong>monuisse</strong></span> <span class='ocrx_word' id='word_1_115' title='bbox 1078 1351 1143 1390; x_wconf 89' lang='lat' dir='ltr'><strong>vel</strong></span> <span class='ocrx_word' id='word_1_116' title='bbox 1156 1354 1358 1391; x_wconf 85' lang='lat' dir='ltr'><strong>censuisse</strong></span> 
     </span>
     <span class='ocr_line' id='line_1_18' title="bbox 158 1421 1356 1476; baseline 0.006 -18"><span class='ocrx_word' id='word_1_117' title='bbox 158 1426 274 1471; x_wconf 91' lang='lat' dir='ltr'><strong>puta,</strong></span> <span class='ocrx_word' id='word_1_118' title='bbox 289 1421 354 1459; x_wconf 91' lang='lat' dir='ltr'><strong>vel</strong></span> <span class='ocrx_word' id='word_1_119' title='bbox 371 1428 540 1472; x_wconf 86' lang='lat' dir='ltr'><strong>propter</strong></span> <span class='ocrx_word' id='word_1_120' title='bbox 558 1423 888 1462; x_wconf 79' lang='lat' dir='ltr'><strong>benevolentiam</strong></span> <span class='ocrx_word' id='word_1_121' title='bbox 907 1431 1044 1463; x_wconf 85' lang='lat' dir='ltr'><strong>tacere</strong></span> <span class='ocrx_word' id='word_1_122' title='bbox 1064 1438 1146 1464; x_wconf 88' lang='lat' dir='ltr'><strong>non</strong></span> <span class='ocrx_word' id='word_1_123' title='bbox 1162 1429 1356 1476; x_wconf 80' lang='lat' dir='ltr'><strong>potuisse,</strong></span> 
     </span>
     <span class='ocr_line' id='line_1_19' title="bbox 159 1494 1358 1549; baseline 0.006 -17"><span class='ocrx_word' id='word_1_124' title='bbox 159 1500 220 1539; x_wconf 93' lang='lat' dir='ltr'><strong>ut,</strong></span> <span class='ocrx_word' id='word_1_125' title='bbox 241 1495 350 1545; x_wconf 93' lang='lat' dir='ltr'><strong>quod</strong></span> <span class='ocrx_word' id='word_1_126' title='bbox 370 1507 447 1546; x_wconf 87' lang='lat' dir='ltr'><strong>ego</strong></span> <span class='ocrx_word' id='word_1_127' title='bbox 466 1494 584 1542; x_wconf 86' lang='lat' dir='ltr'><strong>facio,</strong></span> <span class='ocrx_word' id='word_1_128' title='bbox 604 1502 651 1534; x_wconf 90' lang='lat' dir='ltr'><strong>tu</strong></span> <span class='ocrx_word' id='word_1_129' title='bbox 671 1510 834 1549; x_wconf 90' lang='lat' dir='ltr'><strong>quoque</strong></span> <span class='ocrx_word' id='word_1_130' title='bbox 854 1501 1034 1536; x_wconf 86' lang='lat' dir='ltr'><strong>animum</strong></span> <span class='ocrx_word' id='word_1_131' title='bbox 1052 1498 1234 1546; x_wconf 87' lang='lat' dir='ltr'><strong>inducas,</strong></span> <span class='ocrx_word' id='word_1_132' title='bbox 1253 1502 1286 1538; x_wconf 90' lang='lat' dir='ltr'><strong>si</strong></span> <span class='ocrx_word' id='word_1_133' title='bbox 1304 1502 1358 1539; x_wconf 85' lang='lat' dir='ltr'><strong>sit</strong></span> 
     </span>
     <span class='ocr_line' id='line_1_20' title="bbox 158 1567 1357 1623; baseline 0.006 -18"><span class='ocrx_word' id='word_1_134' title='bbox 158 1567 294 1619; x_wconf 85' lang='lat' dir='ltr'><strong>aliqua</strong></span> <span class='ocrx_word' id='word_1_135' title='bbox 315 1569 556 1619; x_wconf 86' lang='lat' dir='ltr'><strong>respublica,</strong></span> <span class='ocrx_word' id='word_1_136' title='bbox 578 1572 620 1607; x_wconf 88' lang='lat' dir='ltr'><strong>in</strong></span> <span class='ocrx_word' id='word_1_137' title='bbox 643 1583 694 1608; x_wconf 84' lang='lat' dir='ltr'><strong>ea</strong></span> <span class='ocrx_word' id='word_1_138' title='bbox 714 1576 759 1609; x_wconf 89' lang='lat' dir='ltr'><strong>te</strong></span> <span class='ocrx_word' id='word_1_139' title='bbox 781 1584 870 1609; x_wconf 90' lang='lat' dir='ltr'><strong>esse</strong></span> <span class='ocrx_word' id='word_1_140' title='bbox 892 1577 1096 1623; x_wconf 83' lang='lat' dir='ltr'><strong>oportere,</strong></span> <span class='ocrx_word' id='word_1_141' title='bbox 1117 1573 1265 1612; x_wconf 89' lang='lat' dir='ltr'><strong>iudicio</strong></span> <span class='ocrx_word' id='word_1_142' title='bbox 1287 1573 1357 1613; x_wconf 91' lang='lat' dir='ltr'><strong>ho-</strong></span> 
     </span>
     <span class='ocr_line' id='line_1_21' title="bbox 156 1644 1356 1694; baseline 0.007 -16"><span class='ocrx_word' id='word_1_143' title='bbox 156 1644 311 1679; x_wconf 90' lang='lat' dir='ltr'><strong>minum</strong></span> <span class='ocrx_word' id='word_1_144' title='bbox 331 1655 458 1693; x_wconf 89' lang='lat' dir='ltr'><strong>reque</strong></span> <span class='ocrx_word' id='word_1_145' title='bbox 483 1646 721 1694; x_wconf 84' lang='lat' dir='ltr'><strong>principem,</strong></span> <span class='ocrx_word' id='word_1_146' title='bbox 741 1648 987 1684; x_wconf 88' lang='lat' dir='ltr'><strong>necessitate</strong></span> <span class='ocrx_word' id='word_1_147' title='bbox 1009 1645 1228 1685; x_wconf 87' lang='lat' dir='ltr'><strong>cedentem</strong></span> <span class='ocrx_word' id='word_1_148' title='bbox 1251 1653 1356 1687; x_wconf 89' lang='lat' dir='ltr'><strong>tem-</strong></span> 
     </span>
     <span class='ocr_line' id='line_1_22' title="bbox 155 1717 1354 1770; baseline 0.006 -18"><span class='ocrx_word' id='word_1_149' title='bbox 155 1718 271 1766; x_wconf 84' lang='lat' dir='ltr'><strong>pori3</strong></span> <span class='ocrx_word' id='word_1_150' title='bbox 312 1718 374 1753; x_wconf 91' lang='lat' dir='ltr'><strong>sin</strong></span> <span class='ocrx_word' id='word_1_151' title='bbox 401 1722 542 1754; x_wconf 85' lang='lat' dir='ltr'><strong>autem</strong></span> <span class='ocrx_word' id='word_1_152' title='bbox 569 1717 679 1755; x_wconf 89' lang='lat' dir='ltr'><strong>nulla</strong></span> <span class='ocrx_word' id='word_1_153' title='bbox 705 1720 772 1764; x_wconf 84' lang='lat' dir='ltr'><strong>sit,</strong></span> <span class='ocrx_word' id='word_1_154' title='bbox 800 1718 906 1757; x_wconf 90' lang='lat' dir='ltr'><strong>hunc</strong></span> <span class='ocrx_word' id='word_1_155' title='bbox 933 1724 1074 1757; x_wconf 88' lang='lat' dir='ltr'><strong>tamen</strong></span> <span class='ocrx_word' id='word_1_156' title='bbox 1100 1723 1354 1770; x_wconf 79' lang='lat' dir='ltr'><strong>aptissimum</strong></span> 
     </span>
     <span class='ocr_line' id='line_1_23' title="bbox 156 1789 1354 1834; baseline 0.007 -8"><span class='ocrx_word' id='word_1_157' title='bbox 156 1801 245 1826; x_wconf 89' lang='lat' dir='ltr'><strong>esse</strong></span> <span class='ocrx_word' id='word_1_158' title='bbox 278 1791 404 1827; x_wconf 87' lang='lat' dir='ltr'><strong>etiam</strong></span> <span class='ocrx_word' id='word_1_159' title='bbox 437 1789 490 1827; x_wconf 90' lang='lat' dir='ltr'><strong>ad</strong></span> <span class='ocrx_word' id='word_1_160' title='bbox 522 1790 790 1829; x_wconf 87' lang='lat' dir='ltr'><strong>exsulandum</strong></span> <span class='ocrx_word' id='word_1_161' title='bbox 822 1791 969 1830; x_wconf 88' lang='lat' dir='ltr'><strong>locum.</strong></span> <span class='ocrx_word' id='word_1_162' title='bbox 1021 1792 1063 1831; x_wconf 93' lang='lat' dir='ltr'><strong>Si</strong></span> <span class='ocrx_word' id='word_1_163' title='bbox 1095 1795 1204 1832; x_wconf 85' lang='lat' dir='ltr'><strong>enim</strong></span> <span class='ocrx_word' id='word_1_164' title='bbox 1234 1794 1354 1834; x_wconf 88' lang='lat' dir='ltr'><strong>liber—</strong></span> 
     </span>
     <span class='ocr_line' id='line_1_24' title="bbox 153 1864 1353 1914; baseline 0.007 -15"><span class='ocrx_word' id='word_1_165' title='bbox 153 1866 286 1900; x_wconf 84' lang='lat' dir='ltr'><strong>tatem</strong></span> <span class='ocrx_word' id='word_1_166' title='bbox 310 1865 531 1913; x_wconf 83' lang='lat' dir='ltr'><strong>sequimur,</strong></span> <span class='ocrx_word' id='word_1_167' title='bbox 556 1866 624 1914; x_wconf 91' lang='lat' dir='ltr'><strong>qui</strong></span> <span class='ocrx_word' id='word_1_168' title='bbox 648 1864 758 1903; x_wconf 87' lang='lat' dir='ltr'><strong>locus</strong></span> <span class='ocrx_word' id='word_1_169' title='bbox 782 1864 858 1903; x_wconf 91' lang='lat' dir='ltr'><strong>hoc</strong></span> <span class='ocrx_word' id='word_1_170' title='bbox 881 1865 1093 1905; x_wconf 82' lang='lat' dir='ltr'><strong>dominatu</strong></span> <span class='ocrx_word' id='word_1_171' title='bbox 1116 1868 1268 1906; x_wconf 82' lang='lat' dir='ltr'><strong>vacat?</strong></span> <span class='ocrx_word' id='word_1_172' title='bbox 1291 1870 1353 1907; x_wconf 85' lang='lat' dir='ltr'><strong>sin</strong></span> 
     </span>
     <span class='ocr_line' id='line_1_25' title="bbox 153 1934 1352 1987; baseline 0.008 -16"><span class='ocrx_word' id='word_1_173' title='bbox 153 1934 495 1985; x_wconf 88' lang='lat' dir='ltr'><strong>qualemcumque</strong></span> <span class='ocrx_word' id='word_1_174' title='bbox 536 1935 683 1983; x_wconf 88' lang='lat' dir='ltr'><strong>locum,</strong></span> <span class='ocrx_word' id='word_1_175' title='bbox 722 1950 827 1987; x_wconf 89' lang='lat' dir='ltr'><strong>quae</strong></span> <span class='ocrx_word' id='word_1_176' title='bbox 875 1943 939 1976; x_wconf 86' lang='lat' dir='ltr'><strong>est</strong></span> <span class='ocrx_word' id='word_1_177' title='bbox 985 1938 1209 1978; x_wconf 79' lang='lat' dir='ltr'><strong>domestica</strong></span> <span class='ocrx_word' id='word_1_178' title='bbox 1254 1939 1352 1980; x_wconf 87' lang='lat' dir='ltr'><strong>sede</strong></span> 
     </span>
    </p>
   </div>
   <div class='ocr_carea' id='block_1_7' title="bbox 149 2031 1259 2155">
    <p class='ocr_par' dir='ltr' id='par_1_7' title="bbox 149 2031 1259 2155">
     <span class='ocr_line' id='line_1_26' title="bbox 251 2031 1259 2080; baseline 0.008 -16"><span class='ocrx_word' id='word_1_179' title='bbox 251 2031 265 2052; x_wconf 84' lang='lat'>²</span> <span class='ocrx_word' id='word_1_180' title='bbox 291 2032 313 2064; x_wconf 95' lang='lat' dir='ltr'>I</span> <span class='ocrx_word' id='word_1_181' title='bbox 326 2033 412 2066; x_wconf 81' lang='lat' dir='ltr'><strong>have</strong></span> <span class='ocrx_word' id='word_1_182' title='bbox 428 2034 506 2067; x_wconf 77' lang='lat' dir='ltr'><strong>here</strong></span> <span class='ocrx_word' id='word_1_183' title='bbox 523 2035 674 2077; x_wconf 77' lang='lat' dir='ltr'><strong>adopted</strong></span> <span class='ocrx_word' id='word_1_184' title='bbox 691 2046 713 2068; x_wconf 90' lang='lat' dir='ltr'><strong>a</strong></span> <span class='ocrx_word' id='word_1_185' title='bbox 730 2036 878 2078; x_wconf 76' lang='lat' dir='ltr'><strong>readiny</strong></span> <span class='ocrx_word' id='word_1_186' title='bbox 894 2037 1077 2079; x_wconf 73' lang='lat' dir='ltr'><strong>suyyested</strong></span> <span class='ocrx_word' id='word_1_187' title='bbox 1093 2037 1136 2080; x_wconf 75' lang='lat' dir='ltr'><strong>by</strong></span> <span class='ocrx_word' id='word_1_188' title='bbox 1152 2037 1259 2080; x_wconf 73' lang='lat' dir='ltr'><strong>Payo.</strong></span> 
     </span>
     <span class='ocr_line' id='line_1_27' title="bbox 149 2121 226 2155; baseline 0.013 -1"><span class='ocrx_word' id='word_1_189' title='bbox 149 2121 226 2155; x_wconf 75' lang='lat'><strong>288</strong></span> 
     </span>
    </p>
   </div>
  </div>
 </body>
</html>
