<?xml version="1.0" encoding="UTF-8"?>
<!DOCTYPE html PUBLIC "-//W3C//DTD XHTML 1.0 Transitional//EN"
    "http://www.w3.org/TR/xhtml1/DTD/xhtml1-transitional.dtd">
<html xmlns="http://www.w3.org/1999/xhtml" xml:lang="en" lang="en">
 <head>
  <title>
</title>
<meta http-equiv="Content-Type" content="text/html;charset=utf-8" />
  <meta name='ocr-system' content='tesseract 3.04.00' />
  <meta name='ocr-capabilities' content='ocr_page ocr_carea ocr_par ocr_line ocrx_word'/>
</head>
<body>
  <div class='ocr_page' id='page_1' title='image "./letterstohisfrie01ciceuoft_0500.png"; bbox 0 0 1442 2392; ppageno 0'>
   <div class='ocr_carea' id='block_1_1' title="bbox 686 144 888 186">
    <p class='ocr_par' dir='ltr' id='par_1_1' title="bbox 686 144 888 186">
     <span class='ocr_line' id='line_1_1' title="bbox 686 144 888 186; baseline 0.01 -2"><span class='ocrx_word' id='word_1_1' title='bbox 686 144 888 186; x_wconf 90' lang='lat' dir='ltr'>CICERO</span> 
     </span>
    </p>
   </div>
   <div class='ocr_carea' id='block_1_2' title="bbox 145 249 1408 1803">
    <p class='ocr_par' dir='ltr' id='par_1_2' title="bbox 145 249 1408 1803">
     <span class='ocr_line' id='line_1_2' title="bbox 185 249 1408 306; baseline 0.009 -22"><span class='ocrx_word' id='word_1_2' title='bbox 185 251 429 297; x_wconf 87' lang='lat' dir='ltr'><strong>praesertim</strong></span> <span class='ocrx_word' id='word_1_3' title='bbox 450 249 583 288; x_wconf 91' lang='lat' dir='ltr'><strong>adhuc</strong></span> <span class='ocrx_word' id='word_1_4' title='bbox 605 251 686 289; x_wconf 89' lang='lat' dir='ltr'><strong>stili</strong></span> <span class='ocrx_word' id='word_1_5' title='bbox 707 257 861 302; x_wconf 88' lang='lat' dir='ltr'><strong>poenas</strong></span> <span class='ocrx_word' id='word_1_6' title='bbox 883 252 992 293; x_wconf 88' lang='lat' dir='ltr'><strong>dem.</strong></span> <span class='ocrx_word' id='word_1_7' title='bbox 1046 253 1140 302; x_wconf 84' lang='lat' dir='ltr'><strong>Qua</strong></span> <span class='ocrx_word' id='word_1_8' title='bbox 1161 254 1330 306; x_wconf 91' lang='lat' dir='ltr'><strong>quidem</strong></span> <span class='ocrx_word' id='word_1_9' title='bbox 1348 256 1408 293; x_wconf 63' lang='lat' dir='ltr'><strong>in&#39;</strong></span> 
     </span>
     <span class='ocr_line' id='line_1_3' title="bbox 185 317 1390 374; baseline 0.007 -22"><span class='ocrx_word' id='word_1_10' title='bbox 185 327 230 352; x_wconf 86' lang='lat' dir='ltr'><strong>re</strong></span> <span class='ocrx_word' id='word_1_11' title='bbox 248 317 442 367; x_wconf 83' lang='lat' dir='ltr'><strong>singulari</strong></span> <span class='ocrx_word' id='word_1_12' title='bbox 459 330 548 355; x_wconf 89' lang='lat' dir='ltr'><strong>sum</strong></span> <span class='ocrx_word' id='word_1_13' title='bbox 564 317 666 357; x_wconf 87' lang='lat' dir='ltr'><strong>fato.</strong></span> <span class='ocrx_word' id='word_1_14' title='bbox 721 319 827 358; x_wconf 87' lang='lat' dir='ltr'><strong>Nam</strong></span> <span class='ocrx_word' id='word_1_15' title='bbox 844 334 937 359; x_wconf 90' lang='lat' dir='ltr'><strong>cum</strong></span> <span class='ocrx_word' id='word_1_16' title='bbox 953 322 1150 361; x_wconf 89' lang='lat' dir='ltr'><strong>mendum</strong></span> <span class='ocrx_word' id='word_1_17' title='bbox 1166 325 1390 374; x_wconf 70' lang='lat' dir='ltr'><strong>scripturae</strong></span> 
     </span>
     <span class='ocr_line' id='line_1_4' title="bbox 185 381 1391 436; baseline 0.004 -15"><span class='ocrx_word' id='word_1_18' title='bbox 185 381 308 421; x_wconf 85' lang='lat' dir='ltr'><strong>litura</strong></span> <span class='ocrx_word' id='word_1_19' title='bbox 337 384 519 432; x_wconf 84' lang='lat' dir='ltr'><strong>tollatur,</strong></span> <span class='ocrx_word' id='word_1_20' title='bbox 549 386 726 424; x_wconf 89' lang='lat' dir='ltr'><strong>stultitia</strong></span> <span class='ocrx_word' id='word_1_21' title='bbox 753 386 865 426; x_wconf 88' lang='lat' dir='ltr'><strong>fama</strong></span> <span class='ocrx_word' id='word_1_22' title='bbox 893 389 1106 436; x_wconf 89' lang='lat' dir='ltr'><strong>multetur,</strong></span> <span class='ocrx_word' id='word_1_23' title='bbox 1134 403 1252 428; x_wconf 90' lang='lat' dir='ltr'><strong>meus</strong></span> <span class='ocrx_word' id='word_1_24' title='bbox 1281 401 1391 427; x_wconf 88' lang='lat' dir='ltr'><strong>error</strong></span> 
     </span>
     <span class='ocr_line' id='line_1_5' title="bbox 187 452 1390 509; baseline 0.007 -20"><span class='ocrx_word' id='word_1_25' title='bbox 187 452 327 490; x_wconf 87' lang='lat' dir='ltr'><strong>exsilio</strong></span> <span class='ocrx_word' id='word_1_26' title='bbox 355 456 581 505; x_wconf 79' lang='lat' dir='ltr'>corrigitur.</span> <span class='ocrx_word' id='word_1_27' title='bbox 637 454 760 494; x_wconf 90' lang='lat' dir='ltr'><strong>Cuius</strong></span> <span class='ocrx_word' id='word_1_28' title='bbox 787 469 946 495; x_wconf 88' lang='lat' dir='ltr'><strong>summa</strong></span> <span class='ocrx_word' id='word_1_29' title='bbox 973 460 1148 496; x_wconf 85' lang='lat' dir='ltr'><strong>criminis</strong></span> <span class='ocrx_word' id='word_1_30' title='bbox 1176 463 1254 504; x_wconf 91' lang='lat' dir='ltr'><strong>est,</strong></span> <span class='ocrx_word' id='word_1_31' title='bbox 1280 455 1390 509; x_wconf 88' lang='lat' dir='ltr'><strong>quod</strong></span> 
     </span>
     <span class='ocr_line' id='line_1_6' title="bbox 145 521 1401 571; baseline 0.006 -15"><span class='ocrx_word' id='word_1_32' title='bbox 145 523 166 555; x_wconf 85' lang='lat'>2</span> <span class='ocrx_word' id='word_1_33' title='bbox 186 525 367 559; x_wconf 87' lang='lat' dir='ltr'><strong>armatus</strong></span> <span class='ocrx_word' id='word_1_34' title='bbox 385 521 615 560; x_wconf 87' lang='lat' dir='ltr'><strong>adversario</strong></span> <span class='ocrx_word' id='word_1_35' title='bbox 633 523 840 563; x_wconf 82' lang='lat' dir='ltr'><strong>maledixi.</strong></span> <span class='ocrx_word' id='word_1_36' title='bbox 895 524 1027 563; x_wconf 88' lang='lat' dir='ltr'><strong>Nemo</strong></span> <span class='ocrx_word' id='word_1_37' title='bbox 1044 531 1230 564; x_wconf 89' lang='lat' dir='ltr'><strong>nostrum</strong></span> <span class='ocrx_word' id='word_1_38' title='bbox 1248 530 1326 571; x_wconf 89' lang='lat' dir='ltr'><strong>est,</strong></span> <span class='ocrx_word' id='word_1_39' title='bbox 1342 529 1401 564; x_wconf 44' lang='lat' dir='ltr'><strong>ut&lt;</strong></span> 
     </span>
     <span class='ocr_line' id='line_1_7' title="bbox 185 590 1388 644; baseline 0.006 -19"><span class='ocrx_word' id='word_1_40' title='bbox 185 590 341 639; x_wconf 84' lang='lat' dir='ltr'>opinor,</span> <span class='ocrx_word' id='word_1_41' title='bbox 363 592 463 640; x_wconf 90' lang='lat' dir='ltr'><strong>quin</strong></span> <span class='ocrx_word' id='word_1_42' title='bbox 484 595 581 628; x_wconf 87' lang='lat' dir='ltr'><strong>vota</strong></span> <span class='ocrx_word' id='word_1_43' title='bbox 608 593 802 631; x_wconf 85' lang='lat' dir='ltr'><strong>victoriae</strong></span> <span class='ocrx_word' id='word_1_44' title='bbox 824 604 922 630; x_wconf 86' lang='lat' dir='ltr'><strong>suae</strong></span> <span class='ocrx_word' id='word_1_45' title='bbox 944 591 1104 639; x_wconf 88' lang='lat' dir='ltr'><strong>fecerit,</strong></span> <span class='ocrx_word' id='word_1_46' title='bbox 1125 606 1247 631; x_wconf 90' lang='lat' dir='ltr'><strong>nemo</strong></span> <span class='ocrx_word' id='word_1_47' title='bbox 1276 595 1388 644; x_wconf 89' lang='lat' dir='ltr'><strong>quin,</strong></span> 
     </span>
     <span class='ocr_line' id='line_1_8' title="bbox 186 647 1388 712; baseline 0.005 -19"><span class='ocrx_word' id='word_1_48' title='bbox 186 658 312 694; x_wconf 88' lang='lat' dir='ltr'><strong>etiam</strong></span> <span class='ocrx_word' id='word_1_49' title='bbox 337 670 430 694; x_wconf 90' lang='lat' dir='ltr'><strong>cum</strong></span> <span class='ocrx_word' id='word_1_50' title='bbox 455 657 508 695; x_wconf 92' lang='lat' dir='ltr'><strong>de</strong></span> <span class='ocrx_word' id='word_1_51' title='bbox 535 658 614 696; x_wconf 90' lang='lat' dir='ltr'><strong>alia</strong></span> <span class='ocrx_word' id='word_1_52' title='bbox 638 672 682 697; x_wconf 92' lang='lat' dir='ltr'><strong>re</strong></span> <span class='ocrx_word' id='word_1_53' title='bbox 707 659 952 706; x_wconf 88' lang='lat' dir='ltr'><strong>immolaret,</strong></span> <span class='ocrx_word' id='word_1_54' title='bbox 978 666 1121 699; x_wconf 90' lang='lat' dir='ltr'><strong>tamen</strong></span> <span class='ocrx_word' id='word_1_55' title='bbox 1146 673 1196 699; x_wconf 90' lang='lat' dir='ltr'><strong>eo</strong></span> <span class='ocrx_word' id='word_1_56' title='bbox 1220 647 1388 712; x_wconf 85' lang='lat' dir='ltr'><strong>quidem</strong></span> 
     </span>
     <span class='ocr_line' id='line_1_9' title="bbox 184 726 1387 780; baseline 0.006 -19"><span class='ocrx_word' id='word_1_57' title='bbox 184 726 272 774; x_wconf 92' lang='lat' dir='ltr'><strong>ipso</strong></span> <span class='ocrx_word' id='word_1_58' title='bbox 295 730 497 776; x_wconf 88' lang='lat' dir='ltr'><strong>tempore,</strong></span> <span class='ocrx_word' id='word_1_59' title='bbox 521 732 569 764; x_wconf 91' lang='lat' dir='ltr'><strong>ut</strong></span> <span class='ocrx_word' id='word_1_60' title='bbox 592 739 716 778; x_wconf 90' lang='lat' dir='ltr'><strong>quam</strong></span> <span class='ocrx_word' id='word_1_61' title='bbox 739 730 916 778; x_wconf 88' lang='lat' dir='ltr'><strong>primum</strong></span> <span class='ocrx_word' id='word_1_62' title='bbox 939 727 1090 767; x_wconf 86' lang='lat' dir='ltr'><strong>Caesar</strong></span> <span class='ocrx_word' id='word_1_63' title='bbox 1112 734 1387 780; x_wconf 74' lang='lat' dir='ltr'><strong>superaretur,</strong></span> 
     </span>
     <span class='ocr_line' id='line_1_10' title="bbox 184 793 1385 846; baseline 0.006 -17"><span class='ocrx_word' id='word_1_64' title='bbox 184 794 350 842; x_wconf 89' lang='lat' dir='ltr'><strong>optarit.</strong></span> <span class='ocrx_word' id='word_1_65' title='bbox 405 793 494 831; x_wconf 92' lang='lat' dir='ltr'><strong>Hoc</strong></span> <span class='ocrx_word' id='word_1_66' title='bbox 510 797 543 832; x_wconf 88' lang='lat' dir='ltr'><strong>si</strong></span> <span class='ocrx_word' id='word_1_67' title='bbox 558 808 640 833; x_wconf 92' lang='lat' dir='ltr'><strong>non</strong></span> <span class='ocrx_word' id='word_1_68' title='bbox 656 798 825 846; x_wconf 80' lang='lat' dir='ltr'>cogitat,</span> <span class='ocrx_word' id='word_1_69' title='bbox 841 797 1028 835; x_wconf 88' lang='lat' dir='ltr'><strong>omnibus</strong></span> <span class='ocrx_word' id='word_1_70' title='bbox 1043 797 1165 836; x_wconf 88' lang='lat' dir='ltr'><strong>rebus</strong></span> <span class='ocrx_word' id='word_1_71' title='bbox 1179 796 1279 835; x_wconf 86' lang='lat' dir='ltr'>felix</span> <span class='ocrx_word' id='word_1_72' title='bbox 1295 801 1360 836; x_wconf 90' lang='lat' dir='ltr'><strong>est</strong></span> <span class='ocrx_word' id='word_1_73' title='bbox 1373 808 1385 842; x_wconf 73' lang='lat'>3</span> 
     </span>
     <span class='ocr_line' id='line_1_11' title="bbox 183 862 1386 917; baseline 0.005 -20"><span class='ocrx_word' id='word_1_74' title='bbox 183 862 216 897; x_wconf 88' lang='lat' dir='ltr'><strong>si</strong></span> <span class='ocrx_word' id='word_1_75' title='bbox 238 863 314 898; x_wconf 90' lang='lat' dir='ltr'><strong>scit</strong></span> <span class='ocrx_word' id='word_1_76' title='bbox 337 867 380 899; x_wconf 91' lang='lat' dir='ltr'><strong>et</strong></span> <span class='ocrx_word' id='word_1_77' title='bbox 400 875 618 912; x_wconf 85' lang='lat' dir='ltr'><strong>persuasus</strong></span> <span class='ocrx_word' id='word_1_78' title='bbox 641 869 718 909; x_wconf 85' lang='lat' dir='ltr'><strong>est,</strong></span> <span class='ocrx_word' id='word_1_79' title='bbox 741 864 839 914; x_wconf 84' lang='lat' dir='ltr'><strong>quid</strong></span> <span class='ocrx_word' id='word_1_80' title='bbox 860 867 1046 903; x_wconf 82' lang='lat' dir='ltr'><strong>irascitur</strong></span> <span class='ocrx_word' id='word_1_81' title='bbox 1067 867 1120 911; x_wconf 90' lang='lat' dir='ltr'><strong>ei,</strong></span> <span class='ocrx_word' id='word_1_82' title='bbox 1141 867 1212 917; x_wconf 92' lang='lat' dir='ltr'><strong>qui</strong></span> <span class='ocrx_word' id='word_1_83' title='bbox 1233 864 1386 917; x_wconf 83' lang='lat' dir='ltr'><strong>aliquid</strong></span> 
     </span>
     <span class='ocr_line' id='line_1_12' title="bbox 183 931 1384 984; baseline 0.004 -18"><span class='ocrx_word' id='word_1_84' title='bbox 183 931 342 980; x_wconf 81' lang='lat' dir='ltr'><strong>scripsit</strong></span> <span class='ocrx_word' id='word_1_85' title='bbox 354 935 495 967; x_wconf 89' lang='lat' dir='ltr'><strong>contra</strong></span> <span class='ocrx_word' id='word_1_86' title='bbox 508 944 623 968; x_wconf 89' lang='lat' dir='ltr'><strong>suam</strong></span> <span class='ocrx_word' id='word_1_87' title='bbox 635 931 905 979; x_wconf 86' lang='lat' dir='ltr'><strong>voluntatem,</strong></span> <span class='ocrx_word' id='word_1_88' title='bbox 917 946 1011 971; x_wconf 91' lang='lat' dir='ltr'><strong>cum</strong></span> <span class='ocrx_word' id='word_1_89' title='bbox 1022 935 1173 984; x_wconf 86' lang='lat' dir='ltr'><strong>ignorit</strong></span> <span class='ocrx_word' id='word_1_90' title='bbox 1184 933 1384 979; x_wconf 86' lang='lat' dir='ltr'><strong>omnibus,</strong></span> 
     </span>
     <span class='ocr_line' id='line_1_13' title="bbox 185 997 1382 1049; baseline 0.005 -15"><span class='ocrx_word' id='word_1_91' title='bbox 185 1000 253 1049; x_wconf 90' lang='lat' dir='ltr'><strong>qui</strong></span> <span class='ocrx_word' id='word_1_92' title='bbox 280 997 411 1036; x_wconf 89' lang='lat' dir='ltr'><strong>multa</strong></span> <span class='ocrx_word' id='word_1_93' title='bbox 439 998 537 1037; x_wconf 91' lang='lat' dir='ltr'><strong>deos</strong></span> <span class='ocrx_word' id='word_1_94' title='bbox 565 1002 750 1038; x_wconf 88' lang='lat' dir='ltr'><strong>venerati</strong></span> <span class='ocrx_word' id='word_1_95' title='bbox 779 1003 861 1039; x_wconf 92' lang='lat' dir='ltr'><strong>sint</strong></span> <span class='ocrx_word' id='word_1_96' title='bbox 889 1007 1031 1039; x_wconf 88' lang='lat' dir='ltr'><strong>contra</strong></span> <span class='ocrx_word' id='word_1_97' title='bbox 1060 1003 1146 1040; x_wconf 88' lang='lat' dir='ltr'><strong>eius</strong></span> <span class='ocrx_word' id='word_1_98' title='bbox 1174 1001 1382 1040; x_wconf 80' lang='lat' dir='ltr'><strong>salutem?</strong></span> 
     </span>
     <span class='ocr_line' id='line_1_14' title="bbox 181 1065 1382 1115; baseline 0.005 -11"><span class='ocrx_word' id='word_1_99' title='bbox 181 1065 276 1112; x_wconf 85' lang='lat' dir='ltr'><strong>Sed,</strong></span> <span class='ocrx_word' id='word_1_100' title='bbox 311 1072 359 1105; x_wconf 94' lang='lat' dir='ltr'><strong>ut</strong></span> <span class='ocrx_word' id='word_1_101' title='bbox 395 1067 540 1105; x_wconf 91' lang='lat' dir='ltr'><strong>eodem</strong></span> <span class='ocrx_word' id='word_1_102' title='bbox 574 1074 771 1115; x_wconf 87' lang='lat' dir='ltr'><strong>revertar,</strong></span> <span class='ocrx_word' id='word_1_103' title='bbox 806 1083 929 1108; x_wconf 89' lang='lat' dir='ltr'><strong>causa</strong></span> <span class='ocrx_word' id='word_1_104' title='bbox 962 1070 1064 1108; x_wconf 88' lang='lat' dir='ltr'><strong>haec</strong></span> <span class='ocrx_word' id='word_1_105' title='bbox 1098 1069 1179 1109; x_wconf 88' lang='lat' dir='ltr'><strong>fuit</strong></span> <span class='ocrx_word' id='word_1_106' title='bbox 1213 1072 1382 1111; x_wconf 82' lang='lat' dir='ltr'><strong>timoris.</strong></span> 
     </span>
     <span class='ocr_line' id='line_1_15' title="bbox 180 1133 1382 1187; baseline 0.004 -16"><span class='ocrx_word' id='word_1_107' title='bbox 180 1133 328 1185; x_wconf 87' lang='lat' dir='ltr'><strong>Scripsi</strong></span> <span class='ocrx_word' id='word_1_108' title='bbox 358 1135 410 1174; x_wconf 91' lang='lat' dir='ltr'><strong>de</strong></span> <span class='ocrx_word' id='word_1_109' title='bbox 442 1141 485 1174; x_wconf 91' lang='lat' dir='ltr'><strong>te</strong></span> <span class='ocrx_word' id='word_1_110' title='bbox 515 1149 652 1187; x_wconf 87' lang='lat' dir='ltr'><strong>parce,</strong></span> <span class='ocrx_word' id='word_1_111' title='bbox 683 1138 841 1176; x_wconf 91' lang='lat' dir='ltr'><strong>medius</strong></span> <span class='ocrx_word' id='word_1_112' title='bbox 873 1137 1006 1184; x_wconf 93' lang='lat' dir='ltr'><strong>fidius,</strong></span> <span class='ocrx_word' id='word_1_113' title='bbox 1038 1143 1082 1177; x_wconf 85' lang='lat' dir='ltr'><strong>et</strong></span> <span class='ocrx_word' id='word_1_114' title='bbox 1111 1139 1270 1186; x_wconf 79' lang='lat' dir='ltr'><strong>timide,</strong></span> <span class='ocrx_word' id='word_1_115' title='bbox 1300 1147 1382 1178; x_wconf 85' lang='lat' dir='ltr'><strong>no&#39;n</strong></span> 
     </span>
     <span class='ocr_line' id='line_1_16' title="bbox 178 1205 1381 1258; baseline 0.003 -18"><span class='ocrx_word' id='word_1_116' title='bbox 178 1216 372 1241; x_wconf 87' lang='lat' dir='ltr'><strong>revocans</strong></span> <span class='ocrx_word' id='word_1_117' title='bbox 415 1217 482 1241; x_wconf 89' lang='lat' dir='ltr'><strong>me</strong></span> <span class='ocrx_word' id='word_1_118' title='bbox 526 1206 628 1255; x_wconf 87' lang='lat' dir='ltr'><strong>ipse,</strong></span> <span class='ocrx_word' id='word_1_119' title='bbox 672 1205 746 1244; x_wconf 92' lang='lat' dir='ltr'><strong>sed</strong></span> <span class='ocrx_word' id='word_1_120' title='bbox 788 1219 921 1257; x_wconf 84' lang='lat' dir='ltr'><strong>paene</strong></span> <span class='ocrx_word' id='word_1_121' title='bbox 964 1205 1186 1258; x_wconf 86' lang='lat' dir='ltr'><strong>refugiens.</strong></span> <span class='ocrx_word' id='word_1_122' title='bbox 1241 1205 1381 1246; x_wconf 90' lang='lat' dir='ltr'><strong>Genus</strong></span> 
     </span>
     <span class='ocr_line' id='line_1_17' title="bbox 178 1271 1382 1323; baseline 0.004 -15"><span class='ocrx_word' id='word_1_123' title='bbox 178 1276 319 1309; x_wconf 88' lang='lat' dir='ltr'><strong>autem</strong></span> <span class='ocrx_word' id='word_1_124' title='bbox 330 1271 406 1310; x_wconf 93' lang='lat' dir='ltr'><strong>hoc</strong></span> <span class='ocrx_word' id='word_1_125' title='bbox 418 1275 642 1323; x_wconf 88' lang='lat' dir='ltr'><strong>scripturae</strong></span> <span class='ocrx_word' id='word_1_126' title='bbox 655 1287 737 1311; x_wconf 91' lang='lat' dir='ltr'><strong>non</strong></span> <span class='ocrx_word' id='word_1_127' title='bbox 748 1274 869 1312; x_wconf 89' lang='lat' dir='ltr'><strong>modo</strong></span> <span class='ocrx_word' id='word_1_128' title='bbox 880 1274 1068 1320; x_wconf 89' lang='lat' dir='ltr'><strong>liberum,</strong></span> <span class='ocrx_word' id='word_1_129' title='bbox 1080 1274 1154 1313; x_wconf 90' lang='lat' dir='ltr'><strong>sed</strong></span> <span class='ocrx_word' id='word_1_130' title='bbox 1164 1277 1382 1313; x_wconf 86' lang='lat' dir='ltr'><strong>incitatum</strong></span> 
     </span>
     <span class='ocr_line' id='line_1_18' title="bbox 178 1340 1382 1394; baseline 0.004 -17"><span class='ocrx_word' id='word_1_131' title='bbox 178 1345 304 1390; x_wconf 87' lang='lat' dir='ltr'><strong>atque</strong></span> <span class='ocrx_word' id='word_1_132' title='bbox 334 1340 488 1378; x_wconf 89' lang='lat' dir='ltr'><strong>elatum</strong></span> <span class='ocrx_word' id='word_1_133' title='bbox 516 1354 605 1379; x_wconf 88' lang='lat' dir='ltr'><strong>esse</strong></span> <span class='ocrx_word' id='word_1_134' title='bbox 633 1342 799 1387; x_wconf 90' lang='lat' dir='ltr'><strong>debere,</strong></span> <span class='ocrx_word' id='word_1_135' title='bbox 828 1345 917 1393; x_wconf 92' lang='lat' dir='ltr'><strong>quis</strong></span> <span class='ocrx_word' id='word_1_136' title='bbox 945 1343 1139 1394; x_wconf 85' lang='lat' dir='ltr'><strong>ignorat?</strong></span> <span class='ocrx_word' id='word_1_137' title='bbox 1193 1342 1382 1382; x_wconf 82' lang='lat' dir='ltr'><strong>Solutum</strong></span> 
     </span>
     <span class='ocr_line' id='line_1_19' title="bbox 177 1409 1380 1463; baseline 0.004 -18"><span class='ocrx_word' id='word_1_138' title='bbox 177 1411 434 1447; x_wconf 89' lang='lat' dir='ltr'><strong>existimatur</strong></span> <span class='ocrx_word' id='word_1_139' title='bbox 454 1422 543 1447; x_wconf 89' lang='lat' dir='ltr'><strong>esse</strong></span> <span class='ocrx_word' id='word_1_140' title='bbox 563 1409 682 1447; x_wconf 87' lang='lat' dir='ltr'><strong>alteri</strong></span> <span class='ocrx_word' id='word_1_141' title='bbox 704 1410 949 1449; x_wconf 87' lang='lat' dir='ltr'><strong>maledicere</strong></span> <span class='ocrx_word' id='word_1_142' title='bbox 969 1411 1128 1463; x_wconf 86' lang='lat' dir='ltr'><strong>(tamen</strong></span> <span class='ocrx_word' id='word_1_143' title='bbox 1153 1411 1380 1450; x_wconf 89' lang='lat' dir='ltr'><strong>cavendum</strong></span> 
     </span>
     <span class='ocr_line' id='line_1_20' title="bbox 178 1477 1379 1531; baseline 0.002 -15"><span class='ocrx_word' id='word_1_144' title='bbox 178 1482 254 1522; x_wconf 74' lang='lat' dir='ltr'><strong>est,</strong></span> <span class='ocrx_word' id='word_1_145' title='bbox 274 1490 326 1515; x_wconf 90' lang='lat' dir='ltr'><strong>ne</strong></span> <span class='ocrx_word' id='word_1_146' title='bbox 346 1479 388 1514; x_wconf 91' lang='lat' dir='ltr'><strong>in</strong></span> <span class='ocrx_word' id='word_1_147' title='bbox 406 1477 680 1528; x_wconf 83' lang='lat' dir='ltr'><strong>petulantiam</strong></span> <span class='ocrx_word' id='word_1_148' title='bbox 700 1479 869 1531; x_wconf 87' lang='lat' dir='ltr'><strong>incidas)</strong></span> <span class='ocrx_word' id='word_1_149' title='bbox 885 1492 894 1525; x_wconf 93' lang='grc'>;</span> <span class='ocrx_word' id='word_1_150' title='bbox 918 1480 1164 1531; x_wconf 86' lang='lat' dir='ltr'><strong>impeditum</strong></span> <span class='ocrx_word' id='word_1_151' title='bbox 1182 1493 1227 1518; x_wconf 91' lang='lat' dir='ltr'><strong>se</strong></span> <span class='ocrx_word' id='word_1_152' title='bbox 1245 1482 1379 1531; x_wconf 90' lang='lat' dir='ltr'><strong>ipsum</strong></span> 
     </span>
     <span class='ocr_line' id='line_1_21' title="bbox 183 1545 1378 1599; baseline 0.004 -17"><span class='ocrx_word' id='word_1_153' title='bbox 183 1545 356 1591; x_wconf 76' lang='lat' dir='ltr'><strong>laudare,</strong></span> <span class='ocrx_word' id='word_1_154' title='bbox 379 1558 432 1583; x_wconf 89' lang='lat' dir='ltr'><strong>ne</strong></span> <span class='ocrx_word' id='word_1_155' title='bbox 456 1548 602 1584; x_wconf 91' lang='lat' dir='ltr'><strong>vitium</strong></span> <span class='ocrx_word' id='word_1_156' title='bbox 625 1549 884 1597; x_wconf 83' lang='lat' dir='ltr'><strong>arrogantiae</strong></span> <span class='ocrx_word' id='word_1_157' title='bbox 908 1548 1210 1599; x_wconf 79' lang='lat' dir='ltr'><strong>subsequatur3</strong></span> <span class='ocrx_word' id='word_1_158' title='bbox 1248 1547 1378 1586; x_wconf 90' lang='lat' dir='ltr'><strong>solum</strong></span> 
     </span>
     <span class='ocr_line' id='line_1_22' title="bbox 201 1612 1378 1667; baseline 0.004 -18"><span class='ocrx_word' id='word_1_159' title='bbox 201 1625 269 1650; x_wconf 90' lang='lat' dir='ltr'><strong>ero</strong></span> <span class='ocrx_word' id='word_1_160' title='bbox 310 1612 484 1650; x_wconf 90' lang='lat' dir='ltr'><strong>liberum</strong></span> <span class='ocrx_word' id='word_1_161' title='bbox 524 1613 700 1652; x_wconf 88' lang='lat' dir='ltr'><strong>alterum</strong></span> <span class='ocrx_word' id='word_1_162' title='bbox 740 1614 922 1661; x_wconf 86' lang='lat' dir='ltr'><strong>laudare,</strong></span> <span class='ocrx_word' id='word_1_163' title='bbox 963 1615 1015 1654; x_wconf 91' lang='lat' dir='ltr'><strong>de</strong></span> <span class='ocrx_word' id='word_1_164' title='bbox 1056 1628 1138 1666; x_wconf 90' lang='lat' dir='ltr'><strong>quo</strong></span> <span class='ocrx_word' id='word_1_165' title='bbox 1179 1614 1378 1667; x_wconf 88' lang='lat' dir='ltr'><strong>quidquid</strong></span> 
     </span>
     <span class='ocr_line' id='line_1_23' title="bbox 174 1680 1376 1726; baseline 0.002 -7"><span class='ocrx_word' id='word_1_166' title='bbox 174 1680 381 1726; x_wconf 82' lang='lat' dir='ltr'><strong>detrahas,</strong></span> <span class='ocrx_word' id='word_1_167' title='bbox 398 1694 566 1719; x_wconf 88' lang='lat' dir='ltr'><strong>necesse</strong></span> <span class='ocrx_word' id='word_1_168' title='bbox 585 1687 649 1719; x_wconf 90' lang='lat' dir='ltr'><strong>est</strong></span> <span class='ocrx_word' id='word_1_169' title='bbox 672 1687 745 1720; x_wconf 88' lang='lat' dir='ltr'><strong>aut</strong></span> <span class='ocrx_word' id='word_1_170' title='bbox 768 1682 996 1721; x_wconf 87' lang='lat' dir='ltr'><strong>infirmitati</strong></span> <span class='ocrx_word' id='word_1_171' title='bbox 1019 1688 1093 1720; x_wconf 90' lang='lat' dir='ltr'><strong>aut</strong></span> <span class='ocrx_word' id='word_1_172' title='bbox 1114 1683 1290 1721; x_wconf 89' lang='lat' dir='ltr'><strong>invidiae</strong></span> <span class='ocrx_word' id='word_1_173' title='bbox 1313 1696 1376 1722; x_wconf 86' lang='lat' dir='ltr'><strong>as-</strong></span> 
     </span>
     <span class='ocr_line' id='line_1_24' title="bbox 173 1749 1375 1803; baseline 0.003 -18"><span class='ocrx_word' id='word_1_174' title='bbox 173 1750 371 1799; x_wconf 80' lang='lat' dir='ltr'><strong>signetur.</strong></span> <span class='ocrx_word' id='word_1_175' title='bbox 425 1749 486 1787; x_wconf 92' lang='lat' dir='ltr'><strong>Ac</strong></span> <span class='ocrx_word' id='word_1_176' title='bbox 506 1752 642 1787; x_wconf 89' lang='lat' dir='ltr'><strong>nescio</strong></span> <span class='ocrx_word' id='word_1_177' title='bbox 666 1763 719 1787; x_wconf 89' lang='lat' dir='ltr'><strong>an</strong></span> <span class='ocrx_word' id='word_1_178' title='bbox 745 1750 821 1788; x_wconf 89' lang='lat' dir='ltr'><strong>tibi</strong></span> <span class='ocrx_word' id='word_1_179' title='bbox 843 1753 1000 1802; x_wconf 89' lang='lat' dir='ltr'><strong>gratius</strong></span> <span class='ocrx_word' id='word_1_180' title='bbox 1025 1753 1375 1803; x_wconf 90' lang='lat' dir='ltr'><strong>opportuniusque</strong></span> 
     </span>
    </p>
   </div>
   <div class='ocr_carea' id='block_1_3' title="bbox 179 1893 1373 2067">
    <p class='ocr_par' dir='ltr' id='par_1_3' title="bbox 179 1893 1373 2067">
     <span class='ocr_line' id='line_1_25' title="bbox 226 1893 1373 1947; baseline 0.003 -22"><span class='ocrx_word' id='word_1_181' title='bbox 226 1897 242 1913; x_wconf 76' lang='lat'><strong>&#39;²</strong></span> <span class='ocrx_word' id='word_1_182' title='bbox 263 1893 332 1931; x_wconf 56' lang='lat' dir='ltr'><strong>ia..</strong></span> <span class='ocrx_word' id='word_1_183' title='bbox 357 1894 547 1936; x_wconf 84' lang='lat' dir='ltr'><strong>“through</strong></span> <span class='ocrx_word' id='word_1_184' title='bbox 565 1905 627 1936; x_wconf 87' lang='lat' dir='ltr'><strong>my</strong></span> <span class='ocrx_word' id='word_1_185' title='bbox 650 1905 728 1927; x_wconf 91' lang='lat' dir='ltr'><strong>own</strong></span> <span class='ocrx_word' id='word_1_186' title='bbox 753 1894 881 1937; x_wconf 87' lang='lat' dir='ltr'><strong>folly.’&#39;</strong></span> <span class='ocrx_word' id='word_1_187' title='bbox 926 1895 1037 1929; x_wconf 77' lang='lat' dir='ltr'><strong>Jeans</strong></span> <span class='ocrx_word' id='word_1_188' title='bbox 1060 1895 1164 1929; x_wconf 83' lang='lat' dir='ltr'><strong>takes</strong></span> <span class='ocrx_word' id='word_1_189' title='bbox 1187 1896 1304 1947; x_wconf 68' lang='lat' dir='ltr'><strong>inepte</strong></span> <span class='ocrx_word' id='word_1_190' title='bbox 1333 1905 1373 1947; x_wconf 72' lang='lat' dir='ltr'><strong>as</strong></span> 
     </span>
     <span class='ocr_line' id='line_1_26' title="bbox 179 1936 1371 1994; baseline 0.004 -26"><span class='ocrx_word' id='word_1_191' title='bbox 179 1936 354 1994; x_wconf 52' lang='lat' dir='ltr'><strong>referring</strong></span> <span class='ocrx_word' id='word_1_192' title='bbox 363 1940 401 1970; x_wconf 85' lang='lat' dir='ltr'><strong>to</strong></span> <span class='ocrx_word' id='word_1_193' title='bbox 413 1937 472 1970; x_wconf 85' lang='lat' dir='ltr'><strong>the</strong></span> <span class='ocrx_word' id='word_1_194' title='bbox 480 1937 673 1970; x_wconf 85' lang='lat' dir='ltr'><strong>reader——“</strong></span> <span class='ocrx_word' id='word_1_195' title='bbox 682 1938 798 1980; x_wconf 83' lang='lat' dir='ltr'><strong>might</strong></span> <span class='ocrx_word' id='word_1_196' title='bbox 807 1949 916 1981; x_wconf 86' lang='lat' dir='ltr'><strong>prove</strong></span> <span class='ocrx_word' id='word_1_197' title='bbox 927 1939 1193 1982; x_wconf 85' lang='lat' dir='ltr'><strong>unreasonably</strong></span> <span class='ocrx_word' id='word_1_198' title='bbox 1199 1940 1371 1982; x_wconf 70' lang='lat' dir='ltr'><strong>injurious</strong></span> 
     </span>
     <span class='ocr_line' id='line_1_27' title="bbox 179 1982 724 2067; baseline 0.006 -12"><span class='ocrx_word' id='word_1_199' title='bbox 179 1982 327 2063; x_wconf 44' lang='lat' dir='ltr'><strong>tobnss‘zq</strong></span> <span class='ocrx_word' id='word_1_200' title='bbox 343 2023 404 2057; x_wconf 87' lang='lat' dir='ltr'><strong>the</strong></span> <span class='ocrx_word' id='word_1_201' title='bbox 419 2023 606 2067; x_wconf 86' lang='lat' dir='ltr'><strong>eulogistic</strong></span> <span class='ocrx_word' id='word_1_202' title='bbox 621 2024 724 2067; x_wconf 90' lang='lat' dir='ltr'><strong>style.</strong></span> 
     </span>
    </p>
   </div>
   <div class='ocr_carea' id='block_1_4' title="bbox 169 2091 248 2131">
    <p class='ocr_par' dir='ltr' id='par_1_4' title="bbox 169 2091 248 2131">
     <span class='ocr_line' id='line_1_28' title="bbox 169 2091 248 2131; baseline 0 -1"><span class='ocrx_word' id='word_1_203' title='bbox 169 2091 248 2131; x_wconf 82' lang='lat'><strong>466</strong></span> 
     </span>
    </p>
   </div>
  </div>
 </body>
</html>
