1442 2392
665 97 869 137 CICERO

163 204 341 252 saepius,
363 208 411 240 ut
432 202 628 241 viderem.
681 202 836 241 Romae
858 205 955 254 quia·
974 207 1121 253 postea
1140 214 1224 241 non
1241 198 1370 248 fuisti,

166 287 290 327 quam
320 275 617 322 discesseram,¹
646 278 817 314 miratus
847 289 965 322 sum;
995 275 1106 327 quod
1133 277 1235 314 item
1263 282 1371 314 nunc

165 351 303 388 miror.
357 349 449 388 Non
467 349 600 388 habeo
618 333 792 396 certum,
811 363 918 401 quae
937 354 981 388 te
999 362 1064 388 res
1081 338 1177 388 hinc
1192 350 1372 389 maxime

166 422 366 461 retrahat.
419 422 461 461 Si
498 423 717 461 solitudine
754 423 976 469 delectare,
1012 437 1106 462 cum
1142 422 1293 461 scribas
1328 426 1373 460 et

168 495 322 547 aliquid
341 510 438 548 agas
458 510 612 543 eorum,
632 510 805 548 quorum
822 499 1042 543 consuesti,
1058 495 1221 549 gaudeo
1238 508 1373 550 nequ-e

167 569 425 620 reprehendo
453 576 571 609 tuum
599 570 838 618 consilium3
880 584 976 609 nam
1004 570 1104 609 nihil
1129 573 1210 609 isto
1235 575 1374 621 potest

169 656 259 682 esse
283 644 512 690 iucundius,
537 657 618 681 non
642 644 765 682 modo
787 646 945 682 miseris
969 643 1031 683 his
1054 644 1308 695 temporibus
1330 647 1375 682 et

169 717 378 764 luctuosis,
397 717 472 756 sed
491 720 618 756 etiam
637 717 866 770 tranquillis
885 723 930 757 et
948 720 1116 769 optatis,
1132 703 1376 769 pracsertim

170 791 235 829 vel
251 793 386 829 animo
402 790 633 842 defetigato
648 797 735 837 tuo,
751 794 821 843 qui
836 804 945 830 nunc
958 794 1189 843 requietem
1203 795 1377 843 quaerat

171 877 223 902 ex
252 867 412 916 magnis
441 865 790 915 occupationibus,
820 856 885 903 vel
913 864 1089 911 erudito,
1118 867 1188 916 qui
1216 876 1378 916 semper

172 937 326 989 aliquid
351 951 403 976 ex
427 951 472 976 se
495 943 673 988 promat,
698 937 809 989 quod
834 937 932 976 alios
956 938 1153 984 delectet,
1174 943 1221 977 te
1244 940 1378 989 ipsum

171 1011 360 1049 laudibus
377 1011 568 1050 illustret.
621 1010 692 1049 Sin
709 1017 865 1057 autem,
882 1014 987 1050 sicut
1003 1011 1191 1057 indicas,²
1205 1011 1378 1050 lacrimis

172 1098 220 1123 ac
238 1087 433 1123 tristitiae
453 1090 496 1123 te
517 1085 736 1131 tradidisti,
756 1084 889 1131 doleo,
903 1088 1000 1136 quia
1012 1084 1125 1124 doles
1140 1090 1184 1124 et
1203 1096 1355 1137 angere
1366 1097 1379 1132 ;

172 1171 254 1196 non
279 1171 445 1208 possum
472 1163 516 1196 te
543 1171 639 1204 non,
666 1160 699 1196 si
725 1157 928 1204 concedis,
955 1146 1067 1210 quod
1091 1160 1306 1205 sentimus,
1330 1163 1379 1198 ut

172 1231 338 1270 liberius
371 1231 568 1277 dicamus,
601 1244 805 1270 accusare.
858 1231 969 1280 Quid
1001 1232 1143 1270 enim?
1191 1238 1239 1270 tu
1270 1229 1378 1271 solus

171 1311 318 1357 aperta
338 1319 420 1343 non
441 1305 612 1351 videbis,
634 1308 703 1357 qui
724 1311 894 1356 propter
914 1319 1087 1344 acumen
1108 1305 1379 1345 occultissima

170 1379 398 1431 perspicis?
427 1385 475 1417 tu
499 1392 582 1417 non
603 1378 835 1430 intelleges,
854 1385 898 1418 te
923 1378 1114 1431 querellis
1132 1379 1378 1431 quotidianis

172 1453 271 1491 nihil
284 1453 506 1504 proficere?
525 1466 607 1491 non
619 1453 850 1504 intelleges,
865 1453 1062 1504 duplicari
1074 1453 1378 1500 sollicitudines,

174 1541 275 1578 quas
294 1527 431 1564 levare
451 1532 495 1565 te
515 1532 589 1565 tua
603 1526 824 1578 prudentia
838 1526 1022 1577 postulat
1038 1527 1054 1565 ,Ρ
1108 1526 1230 1575 Quod
1247 1529 1281 1565 si
1297 1529 1378 1566 non

171 1614 385 1652 possumus
424 1600 577 1651 aliquid
618 1600 815 1651 proficere
853 1600 1079 1647 suadendo,
1110 1603 1245 1652 gratia
1284 1614 1378 1640 con-

172 1674 379 1713 tendimus
415 1679 459 1712 et
490 1674 686 1725 rogando,
715 1677 748 1712 si
780 1674 878 1725 quid
910 1680 1050 1712 nostra
1080 1687 1203 1712 causa
1230 1677 1303 1721 vis,
1330 1679 1378 1714 ut

172 1749 259 1784 istis
296 1752 341 1784 te
378 1746 574 1784 molestiis
611 1746 724 1784 laxes
762 1751 806 1784 et
841 1746 895 1783 ad
930 1748 1162 1784 convictum
1198 1752 1382 1786 nostrum

171 1819 331 1865 redeas,
360 1819 401 1856 id
431 1825 494 1857 est
524 1818 576 1856 ad
604 1818 944 1857 consuetudinem
973 1818 1037 1857 vel
1065 1825 1247 1858 nostram
1274 1833 1383 1859 com-

611 1929 624 1949 1
648 1929 856 1962 discesserat
876 1929 945 1963 M1.

367 1973 381 1993 ²
403 1972 614 2006 discesseras
631 1973 684 2006 ed.
702 1973 854 2015 Neapol.
871 1987 880 2006 ε
906 1972 1004 2006 dicas
1021 1983 1117 2007 sera-s
1136 1971 1189 2007 M.

171 2053 250 2088 384
