1442 2392
650 138 853 179 CICERO

149 241 262 288 nihil,
288 256 412 294 quam
440 246 529 295 ipsa
558 246 739 290 victoria,
763 258 870 296 quae
898 248 1060 284 etiamsi
1088 245 1142 285 ad
1168 246 1357 285 meliores

147 338 276 382 venit,
304 341 447 374 tamen
477 349 547 375 eos
576 339 684 388 ipsos
714 336 932 377 ferociores
961 313 1356 390 impotentioresqile

146 428 284 466 reddit
301 440 312 474 3
344 434 406 475 ut,
425 431 587 468 etiamsi
604 435 754 468 natura
770 430 875 469 tales
894 444 976 469 non
993 434 1090 478 sint,
1107 433 1356 483 necessitate

147 533 237 558 esse
264 527 478 572 cogantur.
533 522 671 561 Multa
698 526 808 561 enim
836 526 978 562 victori
1005 537 1147 563 eorum
1174 525 1356 568 arbitrio,

147 626 221 663 per
236 627 337 665 quos
353 616 464 660 vicit,
480 617 606 653 etiam
621 618 750 654 invito
764 615 954 655 facienda
968 623 1078 656 sunt.
1131 617 1199 655 An
1213 622 1261 656 tu
1273 629 1355 654 non

147 706 314 745 videbas
333 720 495 746 mecum
514 708 648 755 simul,
667 722 791 760 quam
809 709 878 747 illa
896 709 1070 749 crudelis
1089 715 1200 748 esset
1216 708 1355 748 futura

147 801 315 838 victoria
332 801 347 838 ?
381 800 514 852 Igitur
529 806 629 840 tune
645 815 809 853 quoque
825 805 960 853 patria
975 815 1150 849 careres,
1164 815 1232 849 ne,
1247 813 1354 854 quae

146 892 288 939 nolles,
310 893 469 932 videres
487 894 502 932 ?
547 893 653 940 Non,
673 897 834 946 inquies
851 908 862 941 ;
899 908 978 947 ego
1000 898 1109 934 enim
1129 897 1218 947 ipse
1237 900 1354 933 tene-

145 997 232 1023 rem
250 999 348 1036 opes
366 992 410 1025 et
426 986 675 1038 dignitatem
691 1001 842 1027 meam.
895 988 955 1027 At
971 994 1062 1027 erat
1077 994 1176 1028 tuae
1191 989 1353 1033 virtutis

144 1079 186 1115 in
203 1081 379 1117 minimis
397 1085 490 1118 tuas
506 1093 572 1118 res
587 1093 757 1131 ponere,
774 1081 826 1119 de
843 1081 1053 1132 republica
1068 1081 1352 1120 vehementius

143 1170 343 1211 laborare.
397 1172 576 1219 Deinde,
596 1175 666 1225 qui
687 1173 777 1212 finis
796 1176 914 1212 istius
934 1174 1074 1213 consili
1094 1174 1192 1213 est?
1245 1173 1349 1212 Nam

143 1264 276 1303 adhuc
291 1271 335 1303 et
347 1264 504 1304 factum
517 1271 636 1304 tuum
650 1267 862 1317 probatur,
877 1273 934 1313 et,
949 1269 1052 1306 utin
1065 1267 1139 1306 tali
1151 1279 1211 1313 re,
1224 1268 1351 1305 etiam

142 1356 308 1396 fortuna
318 1357 734 1405 laudatur—factum,
747 1359 857 1411 quod
872 1365 916 1398 et
930 1362 1093 1398 initium
1104 1359 1199 1398 belli
1212 1371 1351 1398 neces-

142 1452 247 1488 sario
263 1456 428 1489 secutus
445 1453 497 1489 sis
516 1457 559 1489 et
576 1457 764 1490 extrema
780 1454 989 1502 sapienter
1004 1454 1196 1504 persequi
1211 1450 1350 1490 nolue-

141 1545 195 1581 ris
213 1555 224 1589 ;
255 1543 434 1589 fortuna,
452 1544 561 1595 quod
579 1544 752 1582 honesto
770 1547 854 1583 otio
872 1547 1054 1583 tenueris
1072 1551 1117 1584 et
1132 1550 1289 1584 statum
1305 1549 1350 1583 et

141 1634 293 1674 famam
312 1636 525 1687 dignitatis
542 1642 655 1675 tuae.
688 1636 726 1674 N
728 1650 806 1675 unc
822 1651 918 1675 vero
935 1650 1011 1675 nec
1026 1637 1137 1676 locus
1153 1637 1230 1676 tibi
1245 1636 1349 1697 ullus

142 1728 296 1766 dulcior
323 1742 412 1767 esse
440 1729 568 1767 debet
594 1732 728 1780 patria
745 1742 755 1775 ;
797 1743 873 1768 nec
900 1743 992 1768 eam
1019 1729 1189 1782 diligere
1215 1731 1348 1768 minus

141 1821 283 1868 debes,
308 1821 419 1874 quod
443 1822 664 1861 deformior
689 1828 767 1868 est,
792 1823 865 1861 sed
890 1825 1072 1861 misereri
1097 1825 1248 1874 potius,
1272 1834 1348 1861 nec

142 1927 248 1961 eam,
260 1915 399 1954 multis
411 1915 527 1953 claris
543 1918 635 1954 viris
651 1916 852 1962 orbatam,
864 1919 1023 1967 privare
1036 1918 1162 1955 etiam
1178 1921 1347 1967 aspectu

91 2014 115 2045 4
141 2013 227 2046 tuo.
283 2008 489 2060 Denique,
512 2011 544 2047 si
567 2008 647 2047 fuit
668 2012 807 2061 magni
831 2012 970 2056 animi,
992 2023 1074 2048 non
1095 2012 1175 2048 isse
1197 2008 1348 2060 suppli-

151 2097 229 2137 294
