1442 2392
711 120 916 160 CICERO

207 228 464 263 constantiae
493 225 891 277 benevolentiaeque
922 239 1021 278 erga
1050 232 1109 273 te,
1127 228 1180 265 'si
1201 227 1417 279 complecti

207 289 415 328 hominem
441 290 629 337 volueris,
655 290 893 329 habiturum
920 304 1009 329 esse
1035 294 1257 331 neminem.
1312 291 1418 332 Mihi

207 368 304 393 vero
321 361 486 394 tantum
504 355 674 401 decoris,
691 361 857 394 tantum
874 356 1088 408 dignitatis
1106 357 1354 404 adiunxeris,
1370 363 1418 397 ut

207 420 401 459 eumdem
421 426 465 459 te
486 419 605 459 facile
628 434 846 472 agnoscam
867 419 992 459 fuisse
1013 423 1055 459 in
1074 420 1198 460 laude
1218 415 1329 471 mea,²
1347 426 1417 476 qui

206 485 331 524 fueris
349 488 391 523 in
409 486 556 524 salute.
610 486 714 537 Ego,
733 489 774 524 ni
792 492 836 524 te
855 486 994 525 videre
1011 489 1172 533 scirem,
1189 501 1283 526 cum
1301 487 1356 527 ad
1371 494 1416 528 te

204 550 307 588 haec
337 551 572 597 scriberem,
601 557 803 602 quantum
835 552 939 589 offici
971 555 1231 599 sustinerem,
1259 559 1416 605 quanto

204 629 328 666 opere
353 616 452 653 mihi
478 621 589 654 esset
611 619 654 654 in
679 616 755 654 hac
778 619 981 667 petitione
1009 616 1174 656 Milonis
1199 619 1310 657 omni
1333 631 1416 657 non

202 681 324 719 modo
351 684 631 727 contentione,
659 681 733 719 sed
760 684 887 719 etiam
914 682 1176 721 dimicatione
1204 682 1415 722 elaboran-

202 746 315 792 dum,
335 746 453 796 plura
472 747 706 785 scriberem.
761 746 879 784 Nunc
898 746 975 784 tibi
994 760 1159 785 omnem
1178 760 1266 803 rem
1287 737 1414 806 atque

200 825 366 850 causam
379 825 530 862 meque
545 817 682 850 totum
697 811 940 854 commendo
955 817 1081 863 atque
1095 812 1229 851 trado.
1273 812 1412 857 Unum

201 876 276 915 hoc
291 879 347 914 sic
363 876 516 915 habeto
534 889 545 922 3
574 879 608 915 si
623 890 648 914 a
662 883 706 915 te
722 876 827 915 hanc
840 890 929 915 rem
943 880 1182 928 impetrato,
1195 891 1263 917 me
1278 891 1411 933 paene

198 942 290 993 plus
320 942 410 988 tibi,
441 956 565 993 quam
594 945 671 993 ipsi
703 942 849 980 Miloni
878 942 1144 989 debiturum;
1187 955 1271 982 non
1299 945 1411 983 enim

198 1007 298 1044 mihi
320 1013 407 1045 tam
430 1021 524 1045 mea
546 1007 654 1045 salus
677 1020 771 1045 cara
792 1007 886 1053 fuit,
908 1010 951 1045 in
974 1021 1055 1059 qua
1076 1010 1296 1059 praecipue
1319 1012 1408 1063 stim

199 1072 251 1110 ab
273 1072 341 1110 illo
365 1072 543 1118 adiutus,
568 1086 692 1123 quam
713 1075 847 1124 pietas
872 1075 950 1110 erit
971 1075 1015 1110 in
1036 1067 1265 1111 referenda
1275 1064 1409 1126 gnatia

198 1137 388 1175 iucunda.
443 1138 547 1175 Eam
575 1143 716 1176 autem
743 1143 816 1176 tuo
844 1141 962 1176 unius
989 1138 1126 1176 studio
1150 1151 1219 1177 me
1246 1142 1407 1195 assequi

198 1216 317 1254 posse
337 1202 512 1242 confido.
1264 1254 1267 1257 ,
1347 1219 1406 1247 η»,

759 1370 841 1410 VII

1352 1446 1372 1465 Ο

309 1485 357 1514 Μ.
383 1487 423 1514 Τ.
451 1488 486 1514 C.
514 1488 675 1514 Pnocos.
702 1488 735 1514 S.
763 1488 804 1514 D.
832 1490 867 1514 C.
896 1489 1062 1514 CURIONI
1088 1489 1199 1515 Tmn.
1227 1487 1287 1515 1²1..
1316 1507 1317 1511 ,

426 1577 469 1611 111
485 1579 610 1611 castris
626 1578 673 1611 ad
692 1577 955 1618 Pindenissum,
971 1590 1079 1612 A.u.c.
1098 1581 1176 1613 703.

243 1672 343 1711 Sera
371 1672 595 1723 gratulatio
623 1671 870 1723 reprehendi
900 1686 981 1711 non
1010 1673 1130 1720 solet,
1158 1660 1402 1726 praesertin}

191 1740 225 1776 si
249 1738 361 1776 nulla
386 1737 652 1789 neglegentia
674 1740 966 1788 praetermissa
990 1743 1068 1778 est.
1123 1738 1266 1790 Longe
1291 1742 1401 1788 enim

235 1882 460 1916 “Contentio
486 1883 515 1916 is
538 1878 599 1916 the
623 1882 783 1925 struggle
807 1884 843 1916 in
867 1882 926 1916 the
950 1882 1070 1917 forum
1096 1894 1136 1916 or
1161 1883 1302 1923 senate,
1324 1882 1396 1945 and

192 1927 374 1960 dimicatio
391 1927 450 1959 the
467 1926 586 1959 actual
601 1894 725 1959 clashg
718 1926 758 1959 of
771 1926 965 1959 contendin
1008 1927 1122 1960 mobs.
1169 1927 1200 1960 T
1202 1909 1332 1970 yrrell.

238 1970 251 1989 ⁶
276 1970 307 2002 A
333 1973 428 2003 town
445 1970 485 2003 of
506 1969 548 2002 E.
566 1969 690 2003 Cilicia
713 1981 759 2003 on
784 1980 806 2002 a
828 1980 915 2012 spur
937 1938 992 2003 01ὅ
1000 1970 1069 2003 Mt
1087 1938 1262 2010 Amanus,
1279 1971 1395 2033 which

193 2024 265 2046 was
281 2013 391 2049 taken
407 2013 457 2056 by
473 2013 598 2048 Cicero
613 2013 706 2048 after
722 2024 745 2047 a
759 2015 854 2057 siege
871 2013 911 2046 of
923 2016 995 2048 two
1010 2013 1165 2050 months.

205 2070 280 2104 110
