1442 2392
679 117 882 157 CICERO

176 226 297 262 cunia
312 222 530 274 Pompeius
551 228 615 262 est
634 237 744 269 usus,
764 229 812 262 ut
831 236 896 270 ea,
911 237 1035 275 quam
1053 228 1105 263 tu
1120 223 1384 275 deposueras,

176 284 347 324 Sestius.
400 285 482 324 Sed
515 285 617 324 haec
648 285 701 324 ad
729 291 773 324 te
805 285 905 324 nihil
935 286 1133 338 intellego
1160 289 1383 338 pertinere.

177 347 283 386 Illud
320 361 387 386 me
425 361 506 386 non
544 348 881 387 animadvertisse
922 349 1097 387 moleste
1134 348 1300 394 ferrem,
1335 353 1384 405 ui:

175 411 434 457 ascriberem,
448 416 492 449 te
505 413 549 448 in
562 410 658 449 fano
671 414 888 462 pecuniam
901 413 1013 450 iussu
1025 425 1120 450 meo
1133 410 1384 463 deposuisse,

174 475 250 511 nisi
291 475 371 511 ista
411 475 587 524 pecunia
627 476 873 525 gravissimis
915 479 1026 512 esset
1066 476 1384 526 certissimisque

172 538 450 573 monumentis
476 540 647 582 testata,
674 538 739 574 cui
765 536 878 582 data,
905 549 987 588 quo
1013 535 1383 583 senatusconsulto,

174 599 321 649 quibus
353 601 449 644 tuis,
482 599 629 650 quibus
661 601 763 637 meis
795 598 944 638 litteris
977 598 1023 638 P.
1055 598 1190 639 Sestio
1229 598 1384 638 tradita

173 666 297 699 esset.
351 661 469 709 Quae
498 674 626 712 quum
655 661 836 700 viderem
866 668 931 700 tot
959 665 1141 714 vestigiis
1169 664 1382 713 impressa,-

173 729 221 761 ut
245 726 288 761 in
314 723 374 762 his
399 726 524 762 errari
543 737 626 762 non
644 730 800 775 posset,
819 737 900 762 non
920 727 1085 775 ascripsi
1103 723 1160 771 id,
1180 724 1292 776 quod
1308 729 1384 763 tua

173 784 273 823 nihil
319 785 543 824 referebat.
597 786 687 838 Ego
734 792 877 824 tamen
924 789 1156 838 ascripsisse
1201 785 1382 832 mallem,

172 850 365 899 quoniam
385 848 428 886 id
447 853 491 886 te
511 848 630 886 video
651 848 899 887 desiderare.
953 848 1067 888 Sicut
1085 849 1225 888 scribis
1244 849 1322 888 tibi
1338 846 1383 887 id

173 923 262 948 esse
287 909 565 956 referendum,
583 911 694 949 idem
714 914 801 961 ipse
822 914 970 957 sentio,
985 924 1121 964 neque
1138 914 1183 950 in
1201 924 1251 950 eo
1265 910 1383 962 quide

173 986 297 1024 quam
325 986 349 1011 a
375 976 477 1011 meis
503 975 730 1012 rationibus
757 974 1049 1025 discrepabunt
1074 979 1188 1013 tuae.
1239 973 1382 1012 Addes

175 1038 283 1073 enim
307 1041 368 1081 tu,
392 1049 485 1074 meo
507 1038 647 1082 iussu;
685 1037 796 1088 quod
819 1050 897 1088 ego
920 1037 1087 1088 quidem
1110 1050 1193 1075 non
1216 1036 1382 1082 addidi3

173 1111 251 1136 nec
268 1112 390 1137 causa
410 1104 487 1144 est,
506 1113 578 1137 cur
595 1113 745 1151 negem
764 1111 774 1145 3
808 1113 897 1145 nec,
916 1103 949 1139 si
969 1106 1093 1146 esset,
1113 1105 1157 1138 et
1174 1105 1222 1139 tu
1240 1098 1382 1145 nolles,

172 1174 382 1212 negarem.
436 1161 543 1200 Nam
563 1162 615 1200 de
641 1161 710 1200 HS
737 1165 956 1214 nongentis
974 1162 1166 1209 millibus,
1185 1167 1299 1202 certe
1322 1164 1383 1200 ita

172 1224 349 1262 relatum
367 1230 445 1271 est,
463 1230 510 1263 ut
527 1230 575 1263 'cu
592 1227 676 1263 sive
693 1224 823 1264 frater
838 1231 935 1264 tuus
951 1225 1094 1265 referri
1111 1225 1253 1264 voluit.
1300 1223 1383 1264 Sed

173 1289 205 1324 si
222 1287 321 1337 quid
341 1293 405 1325 est
425 1286 607 1338 (quando
623 1287 675 1326 de
697 1287 872 1326 Lucceio
889 1301 1036 1339 parum
1050 1287 1234 1340 gratuml
1252 1289 1382 1330 visum

174 1349 268 1400 est),
297 1349 408 1399 quod
436 1362 514 1400 ego
541 1352 585 1387 in
611 1351 837 1388 rationibus
865 1349 1091 1389 referendis
1119 1352 1247 1388 etiam
1274 1362 1382 1388 nunc

172 1414 373 1462 corrigere
405 1415 571 1462 possim,
597 1412 648 1450 de
677 1426 725 1450 eo
755 1412 868 1459 mihi,
898 1415 1091 1464 quoniam
1119 1418 1382 1452 senatuscon-

172 1473 279 1512 sulto
297 1488 379 1513 non
397 1488 487 1513 sum
505 1489 615 1521 usus,
634 1476 732 1527 quid
748 1489 824 1526 per
839 1475 953 1527 leges
970 1475 1107 1522 liceat,
1124 1475 1382 1514 consideran-

173 1537 271 1575 dum
297 1542 375 1576 est.
427 1537 487 1576 Te
516 1543 629 1576 certe
657 1541 700 1576 in
726 1541 902 1589 pecunia
930 1544 1078 1578 exacta
1104 1538 1203 1577 ista²
1226 1537 1380 1577 referre

226 1634 238 1653 ¹
266 1633 404 1675 Tyr-rell
427 1634 501 1667 and
522 1634 657 1668 Purser
675 1646 739 1677 say
760 1635 823 1668 “it
843 1646 950 1668 seems
971 1635 1174 1678 impossible
1196 1638 1230 1668 to
1250 1638 1380 1669 restore

178 1678 246 1710 this
269 1678 386 1710 clause
407 1678 492 1710 with
509 1689 581 1721 any
601 1679 775 1720 certainty
787 1678 809 1692 ’⁷
822 1691 837 1719 ,·
869 1679 942 1712 and
965 1679 1063 1712 amid
1084 1690 1107 1712 a
1126 1678 1320 1712 multitude
1336 1673 1382 1722 of

176 1721 720 1798 coogj5cburesbNobbq'tzrffldinq
735 1732 842 1755 seems
858 1732 898 1755 as
911 1722 1004 1764 qood
1019 1733 1059 1756 as
1075 1732 1158 1764 any.

309 1775 386 1797 esen
408 1775 491 1806 eryt
517 1775 528 1797 1
630 1790 639 1799 .

220 1902 235 1918 ⁶
259 1897 280 1911 ‘⁴
293 1897 533 1930 Ear—marked
550 1897 634 1930 with
651 1898 738 1930 such
755 1909 777 1930 a
793 1898 945 1931 number
961 1897 1002 1931 of
1013 1897 1110 1931 elues
1123 1897 1146 1911 ”
1165 1897 1315 1940 Tyrrell.

220 1941 233 1961 ⁶
258 1940 438 1982 Allowing
459 1941 534 1973 him
556 1951 603 1973 an
626 1942 808 1974 extension
831 1941 872 1974 of
891 1943 977 1974 time
997 1940 1054 1974 for
1077 1940 1229 1984 making
1250 1952 1299 1984 up
1323 1939 1379 1975 his

173 1987 355 2017 accounts.
406 1984 521 2025 Bcing
534 1986 570 2016 in
583 1995 604 2016 a
617 1984 729 2026 hurry
741 1988 779 2017 to
791 1984 890 2018 leave
902 1985 963 2018 the
975 1986 1154 2027 province,
1167 1985 1213 2018 he
1225 1995 1379 2028 appears

173 2030 211 2060 to
227 2027 317 2060 have
334 2030 412 2060 sent
428 2029 462 2060 in
482 2028 536 2060 his
552 2030 722 2061 accounts
738 2027 860 2062 before
875 2028 936 2062 the
952 2038 1141 2071 necessary
1156 2029 1254 2062 time.

176 2083 252 2118 414
