1442 2392
704 157 909 198 CICERO

200 261 345 301 diebus
363 265 558 301 acerrime
576 269 871 315 oppugnasset,
888 268 1045 309 tamen,
1061 265 1096 302 si
1112 265 1200 302 sine
1218 261 1300 302 ulla
1316 271 1408 303 mea

199 327 448 366 contumelia
471 330 732 379 suscepisset,
756 328 970 375 tulissem;
1009 327 1096 374 sed,
1121 341 1215 367 cum
1237 340 1307 366 me
1330 327 1410 366 dis-

198 397 433 443 putantem,
471 406 554 431 non
591 393 864 432 lacessentem
901 393 1102 439 laesisset,
1141 395 1288 439 exarsi,
1327 393 1408 431 non

197 456 329 495 solum
371 460 596 508 praesenti,
639 458 776 504 credo,
819 458 1029 497 iracundia
1071 458 1184 511 (nam
1228 470 1279 496 ea
1320 462 1408 496 tam

198 522 420 562 vehemens
451 522 625 561 fortasse
658 537 740 561 non
770 522 948 576 fuisset),
979 523 1054 562 sed
1083 537 1177 562 cum
1207 519 1407 573 inclusum

196 586 298 626 illud
324 588 463 626 odium
490 588 713 627 multarum
741 591 828 627 eius
854 591 898 627 in
923 601 991 627 me
1017 591 1270 635 iniuriarum,
1297 587 1407 640 quod

198 665 276 704 ego
302 666 369 691 me
397 652 587 692 effudisse
614 667 735 692 omne
763 654 1005 700 arbitrabar,
1030 654 1239 692 residuum
1265 659 1408 692 tamen

195 720 395 757 insciente
424 732 491 757 me
518 718 678 766 fuisset,
703 732 825 758 omne
853 725 1028 771 repente
1057 721 1261 771 apparuit.
1315 718 1408 767 Quo

197 783 365 834 quidem
387 789 575 835 tempore
597 787 686 836 ipso
709 785 876 836 quidam
899 784 1099 831 homines,
1121 789 1167 824 et
1187 783 1313 823 iidem
1335 783 1406 830 illi,

196 861 298 900 quos
334 862 460 900 saepe
487 855 593 888 nutu
630 850 813 902 significo
841 863 978 902 neque
1016 849 1209 902 appello,1
1236 863 1330 888 cum
1362 861 1407 888 se

194 916 421 953 maximum
438 913 618 953 fructum
637 918 794 966 cepisse
812 915 999 955 dicerent
1017 929 1069 954 ex
1085 915 1281 955 libertate
1298 927 1407 961 mea,

195 992 346 1031 meque
384 985 475 1018 tum
514 980 693 1032 denique
731 981 808 1019 sibi
847 994 936 1019 esse
974 984 1106 1020 visum
1142 980 1407 1032 reipublicae,

196 1044 326 1096 qualis
360 1044 543 1092 fuissem,
589 1049 843 1092 restitutum,
878 1059 1054 1098 cumque
1100 1059 1151 1084 ea
1194 1047 1407 1085 contentio

194 1109 294 1148 mihi
322 1123 519 1162 magnum
548 1113 675 1150 etiam
703 1110 800 1150 foris
820 1110 1000 1150 fructum
1020 1111 1198 1158 tulisset,
1223 1109 1406 1163 gaudere

193 1187 238 1213 se
264 1175 472 1222 dicebant,
498 1175 595 1214 mihi
624 1182 669 1215 et
700 1176 814 1215 illum
839 1180 1048 1216 inimicum
1075 1182 1120 1216 et
1157 1190 1241 1223 eos,
1267 1178 1338 1228 qui
1362 1177 1406 1216 in

194 1240 341 1278 eadem
389 1254 512 1279 causa
559 1247 712 1288 essent,
759 1255 985 1294 numquam
1032 1245 1182 1281 amicos
1229 1240 1403 1280 futuros.

194 1305 378 1353 Quorum
409 1308 538 1358 iniqui
569 1320 777 1346 sermones
808 1321 901 1346 cum
933 1307 987 1346 ad
1016 1320 1084 1345 me
1113 1320 1189 1359 per
1218 1306 1404 1346 homines

194 1369 500 1409 honestissimos
541 1371 835 1422 perferrentur,
867 1385 1043 1424 cumque
1085 1371 1304 1423 Pompeius
1344 1373 1405 1415 ita

194 1436 489 1483 contendisset,
510 1443 558 1475 ut
578 1437 678 1475 nihil
697 1451 894 1490 umquam
913 1441 1058 1490 magis,
1079 1443 1127 1477 ut
1146 1451 1240 1477 cum
1260 1437 1405 1476 Crasso

193 1500 370 1540 redirem
395 1505 438 1540 in
463 1505 655 1554 gratiam,
682 1503 915 1555 Caesarque
940 1517 1015 1555 per
1039 1503 1200 1542 litteras
1224 1505 1406 1542 maxima

193 1579 238 1605 se
264 1566 454 1606 molestia
473 1580 525 1606 ex
549 1568 618 1606 illa
641 1571 906 1607 contentione
935 1568 1128 1608 affectum
1150 1567 1405 1614 ostenderet,

194 1631 319 1670 habui
346 1646 429 1671 non
455 1638 689 1684 temporum
717 1634 847 1672 solum
874 1637 1077 1673 rationem
1103 1646 1304 1679 meorum,
1330 1632 1403 1672 sed

195 1700 321 1736 etiam
347 1704 535 1745 naturae,
563 1699 828 1751 Crassusque,
854 1705 902 1738 ut
928 1702 1044 1751 quasi
1070 1704 1227 1738 testata
1252 1697 1404 1751 populo

194 1762 378 1801 Romano
401 1770 512 1802 esset
533 1770 673 1803 nostra
694 1767 841 1816 gratia,
862 1778 996 1816 paene
1019 1778 1044 1803 a
1065 1767 1166 1803 meis
1188 1763 1340 1803 laribus
1360 1765 1402 1801 in

193 1855 439 1942 anglilffinffico
453 1867 568 1899 neque
581 1857 722 1900 appello
738 1857 891 1900 Madviq
905 1872 914 1893 =
944 1857 990 1892 M
996 1859 1059 1892 has
1070 1858 1404 1904 significationequo

571 2057 587 2074 ⁶
611 2052 743 2087 Caesar
759 2053 831 2087 and
851 2054 1018 2097 Pompey.

186 2108 238 2151 76
