1442 2392
699 162 902 201 CICERO

196 280 285 306 esse
306 281 443 306 rerum
464 268 827 314 incommodarum,
848 281 925 306 nec
947 281 1037 306 esse
1059 268 1188 306 ullum
1208 280 1404 321 magnum

195 341 347 379 malum
389 347 556 393 praeter
602 341 778 393 culpam.
833 342 871 380 A
914 355 996 397 qua
1038 342 1202 393 quando
1239 347 1404 383 tantum

194 416 401 462 absumus,
433 422 482 454 ut
514 418 641 454 etiam
673 418 829 467 optime
861 418 1122 462 senserimus,
1148 400 1404 470 eventusque

193 492 323 541 magis
337 492 465 527 nostri
477 489 632 535 consili,
646 503 771 540 quam
786 489 998 528 eonsilium
1011 489 1405 541 reprehendaturfet

193 563 357 614 quando
376 566 657 614 praestitimus
677 563 788 615 quod
811 563 1042 610 debuimus,
1061 563 1275 603 moderate
1295 564 1406 624 quod

194 639 331 675 evenit
359 636 554 676 feramus.
608 636 690 676 Sed
717 637 793 675 hoc
819 637 918 675 mihi
939 643 1081 676 tamen
1102 651 1185 676 non
1206 623 1404 687 sumo‚.ut

185 717 227 749 te
262 710 443 749 consoler
477 710 528 748 de
559 712 840 750 communibus
874 715 1057 759 miseriis,
1091 726 1198 765 quae
1232 713 1284 753 ad
1311 719 1409 766 eon-

184 781 396 820 solandum
426 783 586 819 maioris
618 784 756 834 ingeni
790 787 833 820 et
865 783 917 821 ad
949 782 1165 823 ferendum
1197 778 1408 836 sing‘ulblris

192 856 354 892 virtutis
378 854 580 905 indigent.
637 854 743 891 Illud
767 856 891 892 cuivis
915 853 1035 892 facile
1061 840 1125 892 est
1147 854 1310 901 docere,
1328 843 1404 900 cur

191 930 412 979 praecipue
431 933 478 965 tu
494 927 633 966 dolere
650 927 749 966 nihil
764 927 932 966 debeas.
982 927 1081 965 Eius
1098 926 1221 974 enim,
1237 930 1307 980 qui
1321 934 1404 968 tar-

192 1000 280 1039 dior
295 1004 336 1038 in
352 1006 396 1039 te
415 1001 590 1039 levando
609 1000 703 1046 fuit,
720 1014 845 1052 quam
863 1000 951 1039 fore
969 1006 1226 1052 putaremus,
1241 1014 1324 1040 non
1336 1006 1405 1060 ¹est

192 1074 291 1113 mihi
312 1075 437 1113 dubia
456 1074 509 1113 de
533 1079 607 1112 tua
628 1074 762 1112 salute
786 1076 1008 1113 sententia.
1063 1074 1130 1113 De
1152 1074 1240 1113 aliis
1262 1053 1404 1115 autem

152 1153 173 1186 3
191 1162 273 1186 non
295 1149 468 1187 arbitror
489 1153 533 1186 te
556 1153 796 1199 exspectare
818 1148 917 1199 quid
938 1149 1129 1187 sentiam.
1183 1147 1403 1200 Reliquum

193 1227 270 1268 est,
286 1227 334 1260 ut
353 1227 397 1261 te
413 1227 555 1273 angat,
576 1222 687 1273 quod
705 1223 813 1260 absis
830 1235 854 1259 a
874 1224 955 1260 tuis
975 1227 1063 1260 tam
1077 1221 1162 1261 diu.
1217 1221 1298 1261 Res
1317 1210 1401 1284 11194

190 1295 309 1341 lesta,
339 1298 583 1347 praesertim
612 1296 665 1333 ab
695 1298 742 1333 iis
772 1298 924 1347 pueris,
954 1295 1102 1347 quibus
1132 1294 1232 1335 nihil
1260 1301 1403 1348 potest

191 1382 280 1407 esse
306 1368 506 1407 festivius.
561 1368 658 1415 Sed,
685 1374 732 1407 ut
757 1368 811 1407 ad
835 1374 880 1406 te
906 1371 1046 1420 scripsi
1071 1373 1210 1415 antea,
1236 1366 1401 1421 ternpus

191 1447 255 1480 est
284 1442 497 1487 eiusmodi,
528 1447 575 1480 ut
603 1455 719 1480 suam
749 1444 922 1493 quisque
951 1441 1231 1480 condicionem
1260 1430 1402 1498 miser-

189 1518 334 1554 rimam
363 1521 500 1567 putet,
532 1521 589 1561 et,
620 1517 690 1554 ubi
721 1518 895 1567 quisque
925 1518 992 1561 sit,
1022 1516 1079 1554 ibi
1110 1528 1200 1554 esse
1230 1518 1399 1556 minime

189 1589 301 1628 velit.
356 1589 561 1641 Equidem
585 1602 673 1635 nos,
699 1592 768 1641 qui
794 1589 949 1627 Romae
974 1602 1128 1635 sumus,
1152 1591 1399 1628 miserrimos

191 1677 280 1702 esse
299 1663 418 1709 duco,
436 1677 518 1701 non
536 1663 667 1701 solum
685 1662 796 1714 quod
813 1665 855 1701 in
873 1663 989 1701 malis
1007 1662 1195 1701 omnibus
1208 1648 1399 1718 *ecerbius

191 1743 255 1775 est
277 1737 431 1783 videre,
456 1750 581 1788 quam
603 1736 760 1782 audire,
784 1737 858 1775 sed
882 1739 1022 1783 etiam,
1046 1736 1158 1788 quod
1180 1736 1234 1774 ad
1256 1750 1399 1778 omnes

188 1825 304 1849 casus
336 1812 565 1850 subitorum
595 1811 868 1862 periculorum
899 1813 1030 1863 magis
1062 1811 1212 1849 obiecti
1243 1813 1398 1858 sumus,

189 1899 313 1936 quam
347 1887 381 1923 si
416 1885 682 1930 abessemus;
735 1887 812 1923 etsi
848 1887 1064 1935 meipsum,
1099 1871 1398 1926 consolatorem

187 1964 320 2004 tuum,
351 1972 433 1997 non
463 1964 629 1997 tantum
659 1958 838 2004 litterae,
870 1958 1018 2009 quibus
1049 1970 1211 2009 semper
1241 1957 1396 2004 studui,

147 2038 169 2069 4
188 2038 389 2084 quantum
414 2033 692 2085 longinquitas
718 2034 928 2083 temporis,
955 2033 1173 2083 mitigavit.
1228 2029 1396 2080 Quanto

191 2118 270 2153 444
