1442 2392
677 154 881 193 CICERO

175 260 330 312 aliquid
355 266 419 299 est
442 273 518 311 per
542 260 746 305 Flaccum,
772 259 846 298 fiet
870 272 896 297 a
919 272 1001 305 me,
1026 272 1123 298 cum·
1142 271 1218 309 per
1241 258 1383 299 Asiam

127 331 149 363 4
175 326 388 364 decedam.
443 325 562 363 Nunc
579 325 632 363 ad
649 325 823 363 alteram
841 323 1060 375 epistulam
1077 326 1210 362 venio.
1263 313 1383 370 Quod

176 391 229 429 ad
245 404 311 429 me
329 393 445 442 quasi
461 390 635 429 formam
652 392 929 439 communium
945 395 1180 440 temporum
1197 394 1242 428 et
1256 386 1384 428 tot'ius

175 456 423 508 reipublicae
452 458 598 494 misisti
627 468 878 506 expressam,
905 454 1126 506 prudentia
1153 453 1386 497 litterarum

176 528 341 561 tuarum
356 521 475 560 valde
491 521 590 559 mihi
606 526 671 559 est
686 526 819 572 grata.
873 519 1004 558 Video
1020 522 1130 558 enim
1146 525 1191 558 et
1205 517 1384 570 pericula

176 587 342 633 leviora,
385 600 510 638 quam
552 587 766 632 timebam,
810 591 854 624 et
896 588 1051 623 maiora
1091 584 1310 636 praesidia,
1351 585 1385 622 si

177 652 344 704 quidem
369 651 434 704 (ut
458 651 613 703 scribis)
639 664 765 689 omnes
788 649 886 688 vires
904 649 1071 688 'civitatis
1093 663 1134 688 se
1157 648 1210 687 ad
1231 639 1386 701 Pompei

176 717 325 755 ductum
377 717 671 769 applicaverunt,
724 722 926 766 tuumque
978 714 1098 753 simul
1147 719 1384 766 promptum

177 786 359 821 animum
385 788 429 821 et
454 782 630 820 alacrem
654 783 846 832 perspexi
872 781 925 819 ad
950 779 1256 819 defendendam
1279 793 1385 820 rem,-

176 848 396 899 publicam,
419 847 713 898 mirificamque
738 849 829 897 cepi
853 846 1110 896 voluptatem
1135 858 1187 883 ex
1211 844 1288 883 hac
1311 850 1386 883 tua

177 914 405 965 diligentia,
449 912 573 964 quod,
615 914 659 950 in
700 914 869 950 summis
912 914 993 949 tuis
1037 910 1385 962 occupationibus,

177 979 276 1017 mihi
306 984 448 1017 tamen
477 977 726 1028 reipublicae
756 982 912 1015 statum
941 989 1017 1028 per
1045 981 1090 1015 te
1119 981 1264 1014 notum
1295 987 1385 1014 esse

178 1044 354 1083 voluisti.
409 1043 515 1081 Nam
538 1042 754 1095 Augurales
772 1041 908 1080 Libros
927 1041 979 1079 ad
1002 1054 1218 1080 commune
1238 1042 1386 1079 utrius-

178 1122 259 1161 que
283 1114 468 1147 nostrum
496 1110 627 1146 otIum
654 1120 799 1154 serva3
833 1120 911 1158 ego
930 1109 1053 1153 enim,
1072 1120 1097 1144 a
1124 1112 1168 1145 te
1197 1119 1290 1144 cum
1312 1110 1387 1145 tua

177 1177 376 1225 promissa
418 1186 493 1224 per
536 1173 696 1211 litteras
741 1172 996 1223 flagitabam,
1041 1171 1095 1209 ad
1139 1171 1298 1211 Urbem
1340 1175 1387 1211 te

177 1242 466 1278 otiosissimum
492 1251 581 1277 esse
607 1238 849 1276 arbitrabar.
903 1236 1022 1275 Nunc
1046 1242 1202 1282 tamen,
1227 1241 1275 1274 ut
1298 1237 1386 1287 ipse

178 1305 393 1355 polliceris,
418 1317 492 1354 pro
512 1301 770 1355 Auguralibus
792 1301 931 1348 Libris,
952 1300 1152 1340 Orationes
1175 1306 1268 1340 tuas
1293 1313 1387 1339 con-

131 1376 152 1407 5
180 1369 309 1407 sectas
323 1382 464 1407 omnes
477 1368 741 1419 exspectabo.
797 1367 850 1405 D.
862 1366 1031 1413 Tullius,
1043 1369 1108 1405 cui
1122 1365 1320 1420 mandata
1334 1365 1387 1404 ad

179 1448 246 1473 me
269 1434 434 1480 dedisti,
457 1447 539 1472 non
561 1438 809 1472 convenerat
831 1445 899 1470 me
917 1445 927 1478 3
964 1445 1042 1470 nec
1063 1437 1154 1470 erat
1174 1434 1257 1470 iam
1279 1433 1388 1483 quis-

180 1513 303 1551 quam
325 1512 488 1538 mecum
510 1505 675 1537 tuorum
697 1503 863 1548 praeter
885 1510 1027 1536 omnes
1049 1510 1176 1543 meos,
1199 1498 1270 1547 qui
1290 1501 1388 1534 sunt

179 1578 321 1603 omnes
342 1567 418 1603 tui.
471 1563 816 1602 Stomachosiores
837 1575 951 1601 meas
972 1562 1133 1601 litteras
1154 1574 1255 1613 quas
1276 1561 1387 1599 dicas

181 1643 284 1676 esse,
314 1643 396 1668 non
424 1629 624 1680 intelligo.
677 1627 744 1666 Bis
775 1627 828 1666 ad
856 1633 900 1666 te
929 1629 1083 1678 scripsi,
1112 1639 1179 1665 me
1207 1638 1386 1678 purgans

180 1695 413 1746 diligenter,
445 1700 488 1733 te
519 1694 670 1732 leniter
701 1706 894 1732 accusans
924 1695 967 1731 in
999 1705 1062 1739 eo,
1094 1691 1205 1743 quod
1235 1691 1288 1730 de
1318 1703 1386 1729 me

179 1763 261 1799 cito
285 1759 553 1805 credidisses3
582 1758 693 1810 quod
715 1771 846 1810 genus
871 1756 1078 1810 querellae
1100 1756 1199 1795 mihi
1219 1755 1386 1808 quidem

179 1826 396 1864 videbatur
418 1838 507 1863 esse
530 1826 648 1862 amici
667 1836 676 1869 ;
712 1826 775 1862 sin
796 1824 872 1862 tibi
894 1822 1097 1873 displicet,
1119 1835 1201 1860 non
1222 1827 1316 1861 utar
1332 1834 1386 1860 >eo

228 2016 244 2032 ⁶
267 2011 307 2044 C.
326 2010 490 2044 Valerius
509 2010 657 2043 Flaccus
675 2020 747 2042 was
765 2020 811 2042 on
826 2007 999 2052 Appius's
1014 2006 1101 2041 staff
1115 2008 1151 2040 in
1165 2006 1302 2046 Cilicia.
1314 2003 1385 2040 and

183 2053 258 2087 also
275 2065 342 2088 one
358 2054 399 2087 of
412 2053 566 2087 Cicero's
582 2052 843 2086 subordinates.

187 2106 265 2145 236
