1442 2392
625 119 833 160 CICERO

159 222 201 261 Si
225 222 478 262 mehercules
502 223 611 275 Appi
637 238 681 262 os
705 224 915 271 haberem,
933 227 976 263 in
993 227 1107 264 cuius
1128 225 1263 264 locum
1281 223 1365 264 suf·

159 276 292 316 fectus
314 292 417 324 sum,
439 283 581 317 tamen
603 278 679 316 hoc
699 282 901 317 sustinere
923 293 1005 318 non
1025 293 1201 330 possem.
1254 278 1364 328 Quid

159 344 257 383 ergo
278 338 342 370 est
359 333 374 370 ?
409 331 557 371 faciam
577 336 714 370 omnia
733 333 889 379 sedulo,
909 347 1016 385 quae
1036 339 1080 372 te
1100 337 1225 372 sciam
1245 333 1364 373 velle.

160 385 411 424 Defenditur
439 400 463 424 a
488 386 540 434 Q.
564 386 743 433 Volusio,
768 393 841 426 tuo
866 387 1076 439 discipulo,
1106 390 1140 427 si
1171 387 1279 427 forte
1313 401 1364 427 ea

158 453 222 478 res
249 443 404 491 poterit
431 441 681 479 adversarios
707 440 880 493 fugare3
921 445 963 480 in
990 455 1040 481 eo
1065 445 1246 481 maxima
1271 455 1364 493 spes

159 500 236 532 est.
290 495 388 540 Nos,
412 498 445 533 si
469 495 568 546 quid
593 498 671 534 erit
693 498 785 536 istic
808 509 924 547 opus,
948 495 1160 535 defendes.
1213 496 1365 535 Caesar

158 548 291 587 adhuc
313 549 412 587 mihi
432 552 620 588 iniuriam
641 549 742 588 facit
759 562 769 596 ;
805 550 857 589 de
878 553 980 589 meis
1001 551 1364 602 supplicationibus

158 609 203 641 et
227 604 350 642 rebus
375 607 504 655 gestis
531 604 772 643 Dalmaticis
799 604 933 643 adhuc
958 618 1040 644 non
1064 603 1222 651 refert;
1247 606 1364 658 quasi

158 670 253 695 vero
267 671 349 696 non
362 660 571 697 iustissimi
585 658 782 710 triumphi
794 662 838 697 in
852 659 1062 698 Dalmatia
1074 672 1139 698 res
1151 661 1364 712 gesserim.

158 711 264 751 Nam
293 715 327 750 si
354 711 431 751 hoc
459 714 782 764 exspectandum
813 720 891 760 est,
919 714 1018 752 dum
1045 713 1182 752 totum
1209 713 1364 753 bellum

160 766 386 813 conficiam,
410 769 555 818 viginti
591 768 742 818 oppida
774 774 871 818 sunt
902 767 1136 807 Dalmatiae
1164 771 1363 820 antiqua3

157 833 263 871 quae
290 823 366 871 ipsi
393 822 469 859 sibi
497 824 727 860 asciverunt
754 822 926 873 amplius
953 825 1183 874 sexaginta.
1247 821 1363 875 Haec

156 877 232 913 nisi
259 878 396 913 omnia
422 889 629 927 expugno,
656 879 690 914 si
715 876 815 914 mihi
841 877 1158 928 supplicationes
1184 890 1266 916 non
1292 875 1363 930 ᾀεὴ

154 935 391 975 cernuntur,
416 929 538 982 longe
564 930 644 969 alia
671 931 907 970 condicione
937 944 1015 984 ego
1043 945 1134 970 sum
1161 944 1208 970 ac
1233 930 1365 973 ceteri

153 985 439 1034 imperatores.

725 1097 793 1137 Xn

539 1198 721 1241 Naronae,
738 1212 847 1235 A.u.c.
865 1203 885 1235 ’7
887 1203 945 1236 09.

204 1285 295 1336 Ego
332 1290 427 1337 post
463 1286 780 1337 supplicationes
818 1286 917 1325 mihi
943 1287 1143 1326 >decretas
1179 1288 1223 1325 in
1260 1284 1360 1325 Dal-

151 1343 323 1378 matiam
350 1339 559 1391 profectus
588 1354 706 1379 sum:
736 1354 808 1379 sex
837 1342 988 1392 oppida
1016 1344 1055 1379 vi
1082 1341 1358 1393 oppugnando

134 1397 254 1445 cepi.
282 1424 290 1432 .
320 1424 329 1434 .
358 1424 368 1434 .
392 1394 532 1433 Unum
551 1394 659 1441 hoc,1
674 1395 785 1446 quod
803 1401 893 1434 erat
910 1398 1150 1442 maximum,
1168 1401 1317 1447 quater
1333 1408 1358 1433 a

451 1464 464 1484 ²
491 1463 674 1498 Ulcinium
699 1464 745 1498 Μ
742 1465 1040 1508 artyni-Laquna.

196 1554 212 1570 ⁰
237 1549 418 1591 Probably
431 1550 572 1591 Appius
585 1550 758 1583 Claudius
771 1550 933 1589 Pulcher,
947 1551 1028 1584 who
1040 1550 1215 1594 preceded
1232 1549 1356 1584 Cicero

151 1592 580 1678 &ffi‘ssffrssssrfifscssssffffi
605 1593 658 1670 213
660 1594 929 1671 ἶῗὲἓέἓέιῗ
945 1594 1156 1672 ἱῖῖὲοὲἓέἓ
1172 1593 1356 1681 σέιῗὲὲὸἶξ

150 1678 389 1774 νῗῖῂὲἷιέδὲιαᾶ
409 1722 500 1756 been
524 1723 608 1756 with
631 1723 756 1757 Cicero
778 1725 815 1757 in
839 1723 975 1757 Cilicia.
1028 1723 1086 1768 Of.
1103 1724 1171 1767 Ep.
1188 1735 1245 1757 xx.
1262 1725 1296 1762 3,
1315 1726 1352 1758 in

149 1766 220 1831 th¹⁰s
232 1766 492 1852 Xoszlzplicacio
502 1809 575 1843 had
590 1810 680 1843 been
690 1810 842 1853 granted
855 1813 893 1844 to
903 1810 1070 1844 Vatinius
1080 1812 1116 1845 in
1131 1810 1351 1854 September,

148 1852 215 1886 but
233 1864 280 1886 no
297 1857 566 1895 arrangements
584 1853 656 1887 had
675 1853 764 1887 been
783 1853 888 1887 made
905 1854 961 1887 for
979 1856 1023 1888 its
1040 1853 1268 1893 celebration,
1287 1866 1351 1888 nor

148 1896 210 1929 did
237 1896 368 1930 Caesar
392 1896 471 1930 brin
523 1897 584 1930 the
609 1900 738 1930 matter
762 1897 884 1931 before
907 1897 968 1931 the
993 1897 1135 1932 Senate.
1183 1897 1351 1932 Vatinius

147 1939 310 1973 resented
329 1940 399 1973 this
418 1951 464 1973 an
510 1940 571 1974 the
590 1941 758 1983 ignoring
775 1940 817 1973 of
832 1941 887 1974 his
905 1941 1124 1984 subsequent
1142 1941 1350 1976 Dalmatiam

146 1983 296 2025 exploits
322 1984 358 2016 in
385 1983 590 2017 November
612 1983 685 2017 and
710 1984 919 2017 December.
965 1984 1023 2018 He
1051 1984 1115 2018 did
1146 1985 1351 2030 eventuauy

147 2026 271 2059 obtain
288 2038 310 2061 a
327 2027 487 2070 triumph
503 2031 542 2061 at
558 2028 618 2062 the
635 2027 705 2062 end
723 2027 764 2061 of
776 2028 837 2062 the
853 2027 1038 2071 following
1054 2039 1152 2072 year,
1168 2031 1226 2062 43.

148 2077 227 2118 360
