1442 2392
691 163 895 204 CICERO

187 273 353 306 nostrae
378 281 575 320 magnum
600 271 643 306 in
668 275 817 307 senatu
841 269 1002 320 pondus
1028 268 1244 316 haberent,
1269 281 1397 308 unum

130 338 171 370 13
190 332 277 371 fere
302 346 467 372 sensum
492 333 616 372 fuisse
642 334 842 372 bonorum
866 337 1063 373 omnium.
1116 334 1280 381 Postea,
1304 347 1398 374 cum

187 404 235 437 tu
276 398 517 450 Hispaniam
558 402 789 438 citeriorem
829 414 922 438 cum
962 403 1134 452 imperio
1174 400 1397 446 obtineres,

187 477 323 516 neque
353 464 583 515 respublica
612 465 797 504 consules
827 465 1016 512 haberet,
1046 465 1120 504 sed
1148 471 1397 507 mercatores

186 532 485 580 provinciarum
506 536 550 568 et
569 530 818 569 seditionum
838 544 974 569 servos
995 544 1043 569 ac
1061 533 1282 578 ministros,
1300 532 1398 570 iecit

187 595 354 646 quidam
381 609 497 633 casus
524 602 650 646 caput
676 609 830 642 meum,
857 599 973 648 quasi
999 599 1234 635 certaminis
1260 609 1397 643 causa,

186 663 229 698 in
261 661 440 698 mediam
473 664 782 699 contentionem
814 662 1191 714 dissensionemque
1223 661 1396 701 civilem.

187 725 279 773 Quo
305 729 347 763 in
373 726 604 764 discrimine
631 740 723 764 cum
749 727 919 766 mirifica
944 732 1126 774 senatus,
1150 723 1397 781 incredibilis

188 791 334 829 Italiae
357 794 500 838 totius,
522 792 736 843 singularis
759 795 942 830 omnium
963 793 1164 831 bonorum
1186 795 1396 832 consensio

186 859 227 895 in
246 870 312 894 me
332 857 488 895 tuendo
507 860 759 896 exstitisset:
792 872 875 896 non
892 858 1040 904 dicam,
1059 858 1159 910 quid
1176 858 1371 898 acciderit
1387 871 1396 897 :

187 922 426 973 (multorum
450 928 514 960 est
537 925 647 961 enim
671 929 716 961 et
738 926 849 961 varia
872 923 1008 975 culpa)
1027 937 1037 962 ε
1075 929 1240 962 tantum
1263 923 1397 962 dicam

186 988 314 1033 brevi,
341 1001 423 1025 non
449 987 549 1026 mihi
577 991 818 1034 exercitum,
846 989 920 1027 sed
947 989 1071 1027 duces
1099 988 1293 1028 defuisse.
1330 987 1396 1027 ‘In

186 1066 282 1104 quo,
301 1058 348 1091 ut
365 1055 447 1091 iam
466 1056 520 1092 sit
538 1056 581 1091 in
598 1056 645 1092 iis
664 1053 798 1105 culpa,
817 1057 887 1106 qui
904 1068 972 1092 me
990 1067 1073 1093 non
1091 1053 1368 1094 defenderunt
1385 1066 1395 1100 ;

186 1131 268 1156 non
285 1121 417 1157 minor
434 1124 498 1157 est
514 1121 557 1157 in
572 1122 634 1165 iis,
653 1122 723 1171 qui
738 1119 995 1171 reliquerunt
1012 1133 1022 1158 :
1054 1125 1112 1166 et,
1129 1123 1163 1159 si
1179 1119 1395 1159 accusandi

186 1190 296 1230 sunt,
309 1187 342 1222 si
355 1187 424 1235 qui
439 1188 758 1235 pertimuerunt,
770 1188 900 1237 magis
914 1188 1041 1224 etiam
1051 1185 1395 1237 reprehendendi,

185 1251 218 1287 si
255 1252 324 1301 qui
360 1262 404 1288 se
440 1252 588 1288 timere
624 1250 881 1289 simularunt.
935 1250 1043 1289 Illud
1077 1251 1246 1302 quidem
1279 1256 1394 1290 certe

185 1320 370 1353 nostrum
405 1315 616 1353 eonsilium
651 1318 738 1353 iure
774 1316 1026 1354 laudandum
1061 1322 1139 1362 est,
1175 1318 1246 1368 qui
1278 1312 1392 1355 meos

185 1382 306 1426 cives,
331 1385 375 1419 et
398 1393 423 1418 a
445 1394 513 1418 me
537 1387 796 1420 conservatos
821 1387 866 1420 et
888 1394 955 1419 me
979 1394 1141 1420 servare
1164 1384 1392 1433 cupientes,

183 1445 378 1496 spoliatos
430 1446 615 1492 ducibus,
659 1449 783 1485 servis
828 1450 995 1486 armatis
1038 1447 1143 1486 obici
1193 1446 1393 1486 noluerim

183 1510 463 1562 declararique
502 1511 731 1558 maluerim,
770 1518 927 1563 quanta
964 1514 1022 1551 vis
1062 1525 1151 1551 esse
1188 1515 1392 1563 potuisset

183 1579 225 1614 in
251 1590 451 1615 consensu
476 1577 690 1623 bonorum,
717 1580 749 1615 si
775 1580 823 1616 iis
848 1591 923 1628 pro
947 1590 1016 1616 me
1041 1583 1180 1616 stante
1205 1590 1391 1630 pugnare

183 1641 376 1688 licuisset,
390 1656 483 1680 cum
498 1642 691 1681 afflictum
708 1646 889 1681 excitare
908 1645 1154 1693 potuissent.
1205 1642 1390 1691 Quorum

231 1734 246 1749 ⁶
270 1729 456 1768 Lentulus,
473 1733 615 1772 praetor
640 1731 676 1763 in
698 1732 753 1769 60,
770 1740 843 1763 was
867 1732 903 1763 in
927 1732 970 1763 59
994 1729 1189 1773 appointed
1213 1740 1390 1773 governor

187 1771 227 1805 of
241 1772 390 1806 Eastern
407 1772 533 1815 Spain,
551 1773 666 1806 which
683 1775 852 1816 province
868 1774 912 1806 he
928 1773 1087 1807 retained
1105 1775 1141 1807 in
1157 1776 1213 1807 58.

232 1816 245 1835 ¹²
269 1816 355 1849 This
371 1816 480 1849 refers
501 1819 539 1850 to
558 1816 717 1857 Clodius,
734 1817 784 1859 by
800 1817 919 1850 whose
934 1817 1198 1850 machinations
1217 1817 1300 1850 Piso
1316 1816 1388 1852 and

187 1859 375 1899 Gabinius,
391 1859 535 1893 consuls
554 1861 591 1893 in
613 1864 670 1899 58,
687 1860 855 1894 obtained
872 1860 933 1893 the
948 1861 1134 1903 provincoe
1150 1860 1191 1893 of
1209 1859 1388 1895 Macedon

187 1903 259 1937 and
276 1902 384 1945 Syria
399 1903 643 1946 respectively.

234 1952 246 1968 ⁰
273 1946 390 1989 Caput
414 1958 499 1989 may
515 1946 590 1980 also
614 1958 718 1980 mean
737 1947 830 1980 “the
853 1947 918 1981 full
941 1947 1056 1990 rights
1079 1946 1120 1980 of
1138 1947 1386 1990 citizenship.”

187 1989 220 2022 It
244 1991 271 2023 is
291 1989 377 2023 used
402 1991 510 2032 again
535 1992 571 2024 in
594 1990 665 2024 this
683 1990 816 2024 double
837 2001 939 2024 sense
956 1991 991 2024 in
1012 1994 1028 2030 ᾖ
1055 1992 1097 2024 15
1120 1990 1161 2023 of
1179 1990 1250 2024 this
1273 1990 1386 2025 letter.

183 2033 254 2066 But
284 2033 367 2066 here
394 2034 420 2066 it
448 2045 534 2076 may
555 2034 688 2077 simply
712 2045 829 2074 mean,
856 2044 895 2068 as
921 2034 1033 2068 Jeans
1056 2033 1200 2068 renders
1228 2035 1267 2074 it,
1290 2037 1385 2078 “my

185 2077 359 2119 unhappy
375 2077 478 2110 self.”

187 2129 238 2168 62
