1442 2392
689 155 893 195 CICERO

186 261 354 297 minime
379 263 520 297 tamen
540 258 696 310 laboro)
717 259 931 298 mediocris
951 262 1079 299 etiam
1097 261 1392 312 prudentiae-2

187 313 459 358 liberalitatis,
481 313 590 364 quod
610 316 738 351 mavis
759 314 915 352 scribae
935 313 1018 352 m'ei
1037 315 1251 363 beneficio,
1271 324 1393 369 quam

187 381 281 406 meo
311 367 497 418 legatum
527 380 681 412 meum,
711 367 1052 420 praefectumque
1084 368 1154 423 [Q.
1186 369 1394 425 LeptamJ,

186 424 367 459 maxima
401 421 637 460 calamitate
673 421 830 460 levatos
877 423 987 474 (cum
1028 425 1271 474 praesertim
1313 436 1394 465 non

186 476 389 514 deberent
419 488 508 514 esse
534 475 1030 528 obligati>—diligentiae,
1050 478 1161 529 quod
1185 481 1395 520 existimas

186 530 238 568 de
260 535 379 568 tanto
399 530 528 567 officio
548 543 656 576 meo,
676 535 796 569 tanto
816 533 942 569 etiam
963 532 1157 582 periculo,
1177 546 1254 572 nec
1272 537 1394 574 scisse

187 598 254 622 me
293 583 517 635 quidquam
559 597 636 622 nec
677 587 935 636 cogitavisse,
967 587 1155 633 scribam,
1196 588 1395 640 quidquid

187 638 395 684 voluisset,
419 652 512 676 cum
536 638 579 676 id
601 638 701 676 mihi
725 652 777 677 ne
801 642 1057 679 recitavisset
1079 641 1262 692 quidem,
1284 649 1396 682 retu-

187 692 308 737 lisse3
344 692 605 743 prudentiae,
627 693 755 744 quodl
781 706 884 739 rem,
907 705 939 732 a*
951 707 1019 733 me
1047 708 1130 733 non
1155 698 1397 747 insipienter

187 749 480 798 excogitatam,
500 759 552 784 ne
576 750 801 798 cogitatam
824 748 1011 800 quidem2
1031 755 1168 800 putas.
1221 750 1329 790 Nam
1344 757 1396 791 ’et

186 800 326 839 Volusi
353 800 554 839 liberandi
581 814 720 839 meum
746 801 826 840 fuit
853 803 1078 849 consilium,
1106 809 1164 850 et,
1191 810 1239 844 ut
1265 805 1396 845 multa

186 860 274 894 tam
305 857 438 906 gravis
470 855 695 893 Valerianis
725 856 960 906 praedibus,
990 860 1150 909 ipsique
1180 857 1228 898 T.
1261 853 1396 899 Mario

187 909 479 959 depelleretur,
512 923 536 947 a
566 923 633 947 me
664 912 768 948 inita
798 913 903 949 ratio
935 917 1028 957 est3
1073 924 1198 964 quam
1228 913 1396 965 quidem

187 976 329 1001 omnes
349 977 431 1001 non
451 963 581 1001 solum
600 964 792 1014 probant,
811 965 885 1002 sed
906 967 1032 1004 etiam
1050 965 1223 1006 laudant
1241 980 1252 1006 ι
1285 973 1344 1016 et,
1363 971 1396 1008 s'i

188 1031 330 1055 verum
359 1020 460 1056 scire
490 1020 562 1063 vis,
591 1017 668 1056 hoc
697 1021 767 1056 uni
795 1020 951 1057 scribae
980 1033 1074 1059 meo
1101 1021 1287 1060 intellexi
1308 1028 1398 1073 ‘non

188 1074 358 1109 nimium
377 1072 554 1122 placere.
608 1071 690 1110 Sed
711 1086 789 1124 ego
807 1076 950 1124 putavi
971 1087 1061 1113 esse
1081 1077 1154 1113 viri
1174 1076 1284 1127 boni,
1303 1090 1396 1116 cum

187 1126 361 1177 populus
396 1139 514 1164 suum
549 1133 746 1172 servaret,
780 1127 991 1166 consulere
1025 1127 1199 1169 fortunis
1233 1136 1299 1170 tot
1332 1132 1397 1170 vel

188 1183 411 1219 amicorum
424 1180 489 1218 vel
502 1183 663 1219 civium.
718 1180 824 1219 Nam
837 1181 890 1220 de
905 1181 1081 1222 Lucceio
1094 1189 1159 1223 est
1170 1186 1231 1223 ita
1244 1192 1396 1233 actum,

136 1269 142 1274 .
188 1241 249 1280 ut,
267 1240 434 1273 auctore
451 1234 526 1273 Cn.
544 1234 754 1285 Pompeio,
769 1238 850 1274 ista
865 1239 1040 1287 pecunia
1055 1240 1099 1275 in
1113 1236 1210 1277 fano
1225 1239 1398 1290 ponere-

186 1295 255 1328 tur
283 1289 342 1340 (id
368 1302 446 1340 ego
473 1292 620 1340 agnovi
645 1302 739 1327 meo
766 1293 878 1328 iussu
904 1303 994 1329 esse
1017 1289 1190 1341 factum)
1217 1305 1299 1345 qua
1323 1305 1394 1346 pe-

240 1358 253 1378 ¹
278 1357 483 1397 Lambinus,
493 1358 559 1401 for
573 1368 656 1391 cum
674 1368 753 1392 uss.
1267 1396 1270 1402 A

237 1401 251 1421 ²
273 1412 318 1435 ne
344 1403 540 1444 cogitatam
568 1401 715 1444 quidem
740 1404 772 1436 is
801 1403 855 1436 the
886 1403 1052 1438 brilliant
1078 1405 1252 1440 insertion
1278 1407 1396 1450 ofilio

192 1446 291 1487 early
307 1446 450 1479 editors.

238 1534 254 1550 ⁴²
277 1529 363 1563 Two
386 1541 484 1563 sums
508 1530 548 1563 of
568 1541 698 1573 money
718 1542 808 1564 were
832 1531 914 1565 thus
939 1531 1107 1575 “lodged
1126 1535 1163 1566 in
1186 1533 1303 1581 safety
1318 1522 1394 1574 'las

190 1573 358 1616 disputed
389 1585 532 1616 money,
563 1574 679 1607 where
709 1575 737 1607 it
766 1574 801 1608 la
845 1574 977 1614 fallow,
998 1577 1136 1619 paying
1155 1587 1203 1610 no
1226 1576 1392 1619 intereat}

190 1617 251 1650 the
282 1617 358 1650 first
390 1628 482 1656 sum,
515 1618 575 1650 the
607 1617 744 1651 sub'ect
775 1629 797 1651 o
844 1618 986 1661 dispute
1018 1618 1177 1654 between
1221 1620 1396 1657 Lucceius

190 1659 263 1693 and
289 1661 350 1694 the
372 1663 475 1699 state,
500 1672 572 1694 was
600 1671 640 1694 so
670 1629 801 1703 fodged
831 1662 881 1704 by
905 1662 1028 1696 Cicero
1050 1662 1107 1696 for
1138 1663 1310 1708 Pompey,
1333 1665 1395 1700 the

190 1703 322 1737 second
348 1703 399 1746 by
427 1703 544 1737 Rufus
564 1703 621 1737 for
641 1704 680 1737 P.
701 1704 849 1744 Sestius,
873 1705 954 1739 who
973 1717 1045 1739 was
1068 1717 1115 1740 on
1137 1710 1230 1742 state
1250 1708 1394 1751 dutyin

190 1748 290 1786 Asia,
306 1746 378 1780 and
401 1747 558 1790 keeping
573 1759 620 1781 an
639 1758 704 1790 eye
725 1759 771 1781 on
794 1748 854 1781 the
877 1751 1074 1792 pecuniary
1089 1750 1250 1784 interests
1273 1752 1315 1785 of
1333 1751 1394 1788 the

192 1791 388 1833 optimates.
456 1790 575 1824 “This
606 1790 710 1824 latter
739 1802 819 1825 sum
852 1791 987 1826 Sestius
1018 1792 1105 1827 took
1142 1794 1199 1828 for
1228 1794 1284 1828 his
1313 1790 1394 1830 own

192 1845 372 1876 expenses,
398 1834 469 1867 and
499 1834 559 1867 the
583 1834 715 1868 former
741 1846 823 1868 sum
849 1835 892 1868 he
920 1836 1007 1869 took
1034 1847 1118 1870 over
1148 1838 1185 1871 in
1216 1841 1308 1871 trust
1337 1839 1394 1873 for

192 1877 363 1919 Pompey.
416 1877 545 1917 Rufus,
570 1878 742 1917 however,
768 1880 804 1912 in
828 1878 991 1922 handing
1013 1890 1097 1913 over
1118 1879 1180 1914 the
1202 1891 1334 1924 money
1356 1885 1394 1916 to

192 1921 339 1959 Sestius,
370 1921 473 1954 acted
513 1921 626 1954 under
664 1921 818 1955 Cicero's
856 1922 987 1962 orders,
1018 1933 1058 1956 as
1096 1923 1220 1957 Cicero
1257 1924 1394 1969 readssy

191 1964 486 2007 aeknowledges;
511 1965 578 1998 but
599 1965 643 1998 he
657 1964 720 1998 did
737 1968 800 1998 not
815 1969 914 1999 enter
931 1968 966 1999 in
989 1966 1044 1999 his
1059 1970 1230 2000 accounts
1245 1967 1306 2001 the
1320 1968 1394 2003 fact

192 2007 270 2040 that
298 2007 342 2040 he
369 2008 440 2041 had
467 2009 573 2050 g1ven
605 2008 706 2042 those
732 2007 852 2042 orders
883 2012 920 2042 to
949 2009 1078 2048 Rufus,
1108 2010 1337 2054 considering
1366 2014 1394 2046 it

194 2061 432 2094 unnecessary
444 2054 481 2084 to
496 2051 544 2085 do
559 2062 600 2085 so
615 2062 654 2084 as
667 2052 727 2084 the
740 2055 869 2085 matter
882 2063 953 2086 was
969 2064 1009 2086 so
1021 2052 1098 2086 well
1113 2054 1392 2090 authenticated.

197 2108 275 2141 412
