1442 2392
666 130 869 173 CICERO

165 235 534 272 commutationum
569 237 742 274 scientia
776 235 843 274 vel
876 238 919 275 in
955 236 1206 288 explicandis
1240 239 1371 278 causis

165 300 302 326 rerum
322 301 518 326 novarum
538 289 604 327 vel
622 292 665 327 in
683 290 876 329 remediis
894 292 1259 339 incommodorum,
1277 305 1374 343 cum·

166 347 211 380 et
228 341 506 393 reprehendes
526 356 590 389 ea,
610 356 717 395 quae
737 345 1010 396 vituperanda
1027 346 1167 393 duces,
1186 352 1245 394 et,
1263 358 1373 399 quae

164 395 402 446 placebunt,
430 398 684 448 exponendis
711 400 936 438 rationibus
969 401 1276 451 comprobabi83
1312 405 1371 448 et,

164 452 196 488 si
216 450 397 496 liberius,
417 457 465 489 ut
484 455 704 498 consuesti,
723 453 932 505 agendum
949 455 1131 505 putabis,
1148 455 1372 494 multorum

163 506 206 542 in
220 518 293 543 nos
307 505 536 556 perfidiam,
549 506 730 553 insidias,
743 508 1019 558 proditionem
1032 509 1209 548 notabis.
1261 508 1372 548 Mul-

163 564 251 596 tam
277 562 404 597 etiam
428 573 545 598 casus
569 563 698 599 nostri
722 562 798 600 tibi
822 565 1068 601 varietatem
1089 565 1134 602 in
1156 561 1371 602 scribendo

162 613 503 664 suppeditabunt,
539 614 705 665 plenam
741 616 953 655 cuiusdam
989 617 1226 668 voluptatis,
1261 630 1369 669 quae

163 667 433 706 vehementer
447 671 603 707 animos
623 668 834 708 hominum
848 673 892 709 in
905 670 1084 723 legendo
1094 677 1139 710 te
1154 670 1369 723 scriptun-el

162 727 307 760 tenere
319 725 462 773 possit.
515 723 625 761 Nihil
638 730 702 762 est
715 727 824 763 enim
836 728 972 776 aptius
985 726 1038 764 ad
1049 725 1369 765 delectationem

161 775 338 822 lectoris,
383 790 507 828 quam
550 783 784 829 temporum
828 782 1051 818 varietates
1093 779 1368 832 fortunaeque

160 830 458 869 vicissitudines
475 843 486 878 ;
513 844 620 883 quae
640 835 718 870 etsi
737 833 853 872 nobis
872 833 1075 884 optabiles
1091 837 1136 872 in
1154 837 1368 886 experiene

160 883 214 922 do
242 898 325 923 non
351 884 535 932 fuerunt,
556 889 599 924 in
626 886 804 938 legendo
831 893 974 926 tamen
1001 894 1124 927 erunt
1148 888 1378 942 iucundae„

161 938 303 977 Habet
347 942 457 978 enim
500 944 716 991 praeteriti
760 941 908 981 doloris
951 955 1096 981 secura
1136 943 1366 982 recordatio
1389 943 1394 950 '

158 992 494 1033 delectationem.
546 994 705 1034 Ceteris
718 1009 828 1042 vero,
841 995 953 1034 nulla
964 996 1191 1048 perfunctis
1201 999 1366 1049 propria

158 1047 362 1094 molestia,
393 1062 510 1087 casus
542 1055 684 1088 autem
715 1050 869 1088 alienos
900 1054 988 1089 sine
1019 1051 1102 1090 ullo
1133 1051 1274 1090 dolore
1303 1054 1364 1090 in·

157 1102 386 1147 tuentibus,
433 1105 560 1141 etiam
606 1107 695 1154 ipsa
741 1105 1016 1143 misericordia
1063 1111 1128 1144 est
1171 1105 1362 1144 iucunda.

158 1155 293 1203 Quem
319 1159 429 1194 enim
453 1163 638 1196 nostrum
665 1158 734 1196 ille
761 1162 939 1197 moriens
963 1159 1075 1210 apud
1102 1159 1362 1199 Mantineam

156 1209 462 1260 Epaminondas
477 1225 559 1249 non
570 1226 663 1250 cum
676 1213 854 1263 quadam
870 1216 1133 1252 miseratione
1149 1214 1362 1253 delectat?

156 1267 227 1315 qui
253 1271 343 1303 tum
368 1265 547 1317 denique
573 1267 649 1304 sibi
676 1267 794 1305 avelli
817 1268 936 1306 'iubet
962 1268 1175 1318 spiculum,
1198 1274 1362 1320 postea*

156 1331 279 1369 quam
297 1322 333 1356 ei
349 1323 609 1370 percontanti
624 1321 780 1359 dictum
796 1328 861 1360 est
880 1322 1056 1373 clipeum
1071 1335 1160 1361 esse
1179 1322 1359 1368 salvumz

155 1378 203 1411 ut
227 1376 354 1411 etiam
377 1377 419 1411 in
444 1374 619 1412 vulneris
643 1375 782 1414 dolore
806 1389 940 1427 aequo
963 1379 1100 1415 animo
1122 1390 1216 1415 cum
1237 1376 1360 1415 laude

153 1434 396 1466 moreretur.
449 1428 573 1467 Cuius
598 1430 780 1468 studium
804 1433 846 1468 in
870 1431 1046 1482 legendo
1070 1444 1153 1469 non
1176 1436 1360 1470 ereetum

152 1480 416 1520 Themistocli
442 1481 542 1534 fuga
567 1484 786 1535 redituque
813 1485 1015 1523 tenetur?
1068 1485 1236 1524 Etenim
1261 1485 1360 1524 ordo

378 1594 393 1615 ²
420 1594 521 1628 MR:
549 1596 584 1627 in
603 1594 754 1637 legendo
772 1598 834 1628 tuo
850 1597 982 1638 scripto
1001 1595 1126 1634 Orelli.

202 1746 217 1761 ⁰
239 1740 315 1774 The
345 1741 487 1774 famous
517 1741 666 1774 Theban
688 1742 831 1785 general
859 1741 933 1774 and
955 1745 1162 1776 statesman.
1210 1743 1358 1789 Having

154 1784 308 1817 invaded
335 1785 395 1818 the
423 1784 688 1827 Peloponnesus
714 1785 769 1818 for
795 1785 855 1819 the
881 1785 1003 1818 fourth
1029 1787 1115 1819 time
1141 1787 1177 1820 in
1204 1789 1284 1825 362,
1310 1786 1356 1822 h'e

154 1827 286 1869 gained
321 1838 343 1860 a
379 1827 531 1861 decisive
566 1829 703 1870 victory
739 1839 823 1861 over
857 1828 918 1862 the
955 1829 1284 1864 Lacedaemonians
1317 1833 1356 1864 at

157 1871 355 1910 Mantinea,
373 1871 489 1905 where
505 1872 550 1904 he
566 1871 647 1904 died
665 1882 705 1904 as
721 1871 905 1905 described
921 1872 1047 1906 above·

200 1915 213 1935 ⁶
242 1915 278 1947 If
296 1915 356 1948 the
376 1918 450 1948 text
470 1917 500 1948 is
519 1919 666 1954 correct,
689 1915 812 1948 Cicero
834 1917 862 1948 is
883 1926 1019 1959 wrong,
1039 1926 1080 1950 as
1100 1915 1354 1950 Themistocles

153 1968 260 1991 never
280 1957 458 1992 returned.
509 1958 649 1992 Palmer
670 1962 834 2001 suggests
855 1959 934 1992 that
955 1958 1149 1993 Aristeides
1170 1961 1199 1993 is
1221 1963 1353 2000 meant,

153 2000 218 2034 but
243 2001 366 2035 Cicero
391 2012 463 2035 was
489 2005 552 2035 not
575 2005 718 2048 exempt
741 2001 834 2035 from
859 2003 1014 2036 humana
1038 2003 1180 2036 incuria
1204 2005 1241 2037 in
1264 2003 1351 2038 such

152 2048 310 2078 matters.

157 2099 236 2138 370
