1442 2392
674 130 878 171 CICERO

171 247 296 273 causa
314 238 554 282 restiterim,
575 241 623 275 ut
649 236 750 274 mihi
776 239 977 288 ignoscas.
1028 236 1132 275 Tam
1160 239 1270 275 enim
1290 248 1380 286 sum

173 294 327 329 amicus
342 292 606 343 reipublicae,
622 306 747 344 quam
764 296 834 345 qui
850 297 1044 333 maxime.
1075 293 1230 332 Si‘vero
1239 305 1380 331 mem

173 347 351 386 salutem
374 355 518 387 contra
541 349 647 388 illius
671 353 875 401 impetum
898 354 942 389 in
966 364 1034 389 me
1058 348 1379 389 crudelissimum

174 404 446 452 defenderim,
465 409 564 444 satis
590 406 758 454 habeas,
781 407 882 445 nihil
910 420 977 446 me
1006 410 1134 450 etiam
1161 406 1381 446 tecum‘de

174 465 236 500 tui
267 461 404 501 fratris
435 465 582 501 iniuria
612 467 821 515 conqueri.
876 464 1012 512 Quem
1044 477 1122 516 ego
1153 477 1248 503 cum
1273 476 1379 502 com·

173 521 386 569 perissem,
410 533 575 558 omnem
604 523 666 558 sui
693 522 927 560 tribunatus
955 527 1150 561 conatum
1175 523 1219 560 in
1245 523 1381 559 meam

172 579 396 626 perniciem
427 590 573 627 parare
606 583 734 629 atque
761 578 967 624 meditari,
989 581 1057 630 egi
1078 592 1172 617 cum
1194 575 1381 632 Claudia,

174 645 301 671 uxore
319 639 406 679 tua,
423 639 468 672 et
483 648 577 673 cum
592 640 730 673 vestra
745 648 882 674 sorore
900 635 1055 681 Mucia,
1070 638 1184 674 cuius
1199 646 1300 688 'erga
1313 632 1380 671 me

174 690 371 736 studium,
402 704 476 741 pro
507 690 582 730 Cn.
615 690 784 743 Pompei
822 692 1139 738 necessitudine,
1169 691 1310 730 multis
1332 689 1380 728 'in

173 747 296 786 rebus
308 761 616 799 perspexeram,
630 754 678 787 ut
691 762 787 787 eum
802 750 854 788 ab
867 749 936 787 illa
948 747 1095 788 iniuria
1107 749 1380 788 deterrerent.

175 804 316 856 Atque
341 804 424 851 ille,
450 805 561 873 quod
585 811 629 844 te
656 806 817 845 audisse
845 813 960 846 certo
987 806 1102 854 scio,1
1125 806 1257 859 pridie
1287 804 1379 843 Kal.

176 860 354 907 Ianuar„
395 876 477 914 qua
522 865 669 901 iniuria
709 877 832 902 nemo
872 877 1069 915 umquam
1113 866 1157 902 in
1181 852 1380 921 minimo*²

174 921 420 970 magistratu
448 920 770 970 improbissimus
799 923 895 960 civis
926 920 1096 960 affectus
1126 926 1205 967 est,
1235 933 1286 958 ea
1311 931 1379 966 me

174 976 382 1014 consulem
419 975 569 1024 affecit,
605 991 699 1016 cum
734 977 1029 1029 rempublicam
1063 990 1380 1030 conservassem,

174 1038 301 1084 atque
348 1034 574 1072 abeuntem
621 1038 868 1086 magistratu
915 1037 1115 1074 contionis
1162 1033 1379 1085 habendae

172 1095 384 1141 potestate
406 1094 610 1141 privavit3
647 1095 760 1130 cuius
783 1094 930 1130 iniuria
951 1091 1052 1130 mihi
1073 1097 1217 1130 tamen
1237 1091 1379 1140 honori

173 1160 333 1185 summo
346 1146 439 1186 fuit.
493 1148 599 1186 Nam
613 1162 706 1187 cum
719 1149 787 1187 ille
800 1148 900 1187 mihi
913 1147 1027 1194 nihil,
1040 1151 1117 1187 nisi
1130 1150 1379 1193 utiurarenu,

173 1207 452 1255 permitteret,
488 1218 641 1256 magna
681 1219 780 1244 voce
826 1208 955 1244 iuravi
996 1208 1251 1244 verissimum
1291 1203 1380 1255 p'uI-

172 1261 502 1312 cherrimumque
541 1262 851 1300 iusiurandum·
841 1291 851 1308 ,
905 1262 1017 1314 quod
1055 1262 1230 1313 populus
1268 1262 1379 1302 idem

172 1331 324 1369 magna
351 1332 449 1356 voce
477 1332 544 1357 me
573 1332 668 1357 vere
695 1321 850 1357 iurasse
876 1321 1040 1358 iuravit.
1093 1319 1184 1358 Hac
1209 1323 1380 1370 accepta

225 1406 361 1450 1quod
391 1410 426 1441 te
455 1407 598 1442 audisse
628 1411 724 1441 certo
755 1409 842 1452 scio]
874 1408 1002 1447 Nobbe,
1021 1408 1253 1451 sollowinq‘
1256 1406 1377 1441 &codd

175 1451 378 1484 ‘nonnulli”
396 1451 458 1484 has
474 1455 580 1490 certe,
597 1451 715 1490 credo,
733 1453 817 1485 scio.
1058 1489 1060 1491 ,

225 1494 238 1514 ²
261 1494 476 1528 Lambinus.
503 1494 540 1528 in
557 1497 678 1529 animo
698 1495 752 1530 Μ.

223 1589 378 1621 “When
405 1588 528 1622 Cicero
553 1589 731 1631 proposed
758 1591 794 1622 in
820 1589 1040 1623 accordance
1065 1590 1151 1623 with
1177 1593 1316 1624 cusbom
1340 1592 1379 1625 to

174 1631 322 1665 address
351 1632 411 1665 the
440 1643 533 1674 peop
510 1632 567 1674 ple
596 1632 688 1665 from
719 1633 779 1666 the
808 1637 926 1667 rostra
954 1644 1001 1666 on
1028 1633 1089 1667 the
1116 1634 1322 1676 expiration
1336 1632 1380 1667 of

175 1675 230 1708 his
249 1675 430 1708 consulshi
559 1676 726 1709 Metellus
748 1676 881 1718 Nepos,
902 1677 994 1715 who,
1015 1676 1140 1710 unlike
1159 1677 1215 1710 his
1234 1674 1378 1710 brother

175 1718 287 1757 Celer,
308 1718 380 1752 had
400 1675 534 1752 sigedQ
521 1719 605 1752 with
625 1720 686 1752 the
707 1719 970 1759 Catilinarians,
985 1701 1100 1762 being
1118 1720 1204 1754 then
1223 1719 1376 1758 tribune,

174 1762 378 1804 interposed
405 1762 460 1795 his
485 1766 566 1796 veto
592 1774 639 1796 on
665 1763 726 1797 the
752 1763 893 1805 ground
920 1764 999 1796 that
1025 1763 1149 1797 Cicero
1174 1763 1247 1797 had
1273 1763 1377 1797 acted

174 1805 531 1848 unconstitutionally
577 1805 638 1839 ‘in
670 1808 816 1849 putting
849 1807 990 1840 Roman
1023 1808 1168 1840 citizens
1199 1810 1238 1841 to
1268 1806 1376 1841 death

174 1849 325 1882 without
340 1860 362 1882 a
374 1849 492 1882 trial.”
540 1849 616 1883 The
627 1853 709 1883 veto
721 1850 762 1884 of
776 1850 898 1893 Nepos
910 1861 982 1884 was
999 1850 1093 1884 the“
1104 1861 1201 1884 mere
1211 1850 1376 1894 phrase”

176 1895 213 1925 to
240 1892 356 1926 which
384 1892 485 1926 Celer
511 1893 620 1926 refers
645 1896 682 1926 to
706 1895 741 1927 in
764 1893 825 1927 the
848 1893 1040 1936 preceding
1062 1893 1174 1928 letter.
1222 1892 1376 1928 Cicero's

175 1938 284 1968 retort
307 1937 343 1969 in
367 1936 427 1969 the
451 1936 582 1970 Senate
604 1936 726 1970 forced
751 1937 874 1979 Nepos
896 1940 934 1970 to
957 1937 1055 1971 leave
1080 1937 1206 1976 Rome,
1227 1929 1376 1980 thereby

176 1980 318 2012 vacatin
363 1980 418 2012 his
435 1979 627 2018 tribunate,
645 1980 718 2013 and
736 1981 763 2014 it
780 1980 899 2013 would
914 1991 1050 2023 appear
1068 1981 1146 2014 that
1162 1981 1223 2014 the
1244 1980 1375 2014 Senate

172 1990 346 2056 ὀεοΙαι-εὲ
354 2023 429 2057 him
444 2034 467 2057 a
483 2023 606 2066 public
621 2034 762 2066 enemy.
810 2023 878 2059 See
894 2023 1026 2058 Chron.
1040 2024 1143 2059 Sum.
1156 2026 1196 2058 61
1214 2027 1310 2064 ωας
1326 2026 1360 2058 4.

173 2079 251 2113 328
