1442 2392
715 141 919 182 CICERO

210 257 293 296 quo
339 244 452 291 velis,
490 245 663 284 tandem
706 247 936 297 pervenire,
981 248 1053 292 sic,
1091 259 1186 285 cum
1230 245 1418 285 omnibus

211 315 327 353 nobis
361 318 404 352 in
439 315 763 354 administranda
796 315 1007 367 republica
1038 318 1295 367 propositum
1328 327 1418 355 esse

210 385 364 424 debeat
391 385 448 432 id,
477 386 588 437 quod
617 400 642 424 a
669 399 737 425 me
766 388 1003 437 saepissime
1033 386 1190 425 dictum
1219 391 1297 433 est,
1325 399 1419 425 cum

210 456 415 507 dignitate
439 459 585 503 otium,
609 470 692 494 non
714 457 827 495 idem
850 470 1014 508 semper
1036 457 1188 503 dicere,
1211 456 1287 496 sed
1307 456 1419 496 idem

210 540 374 577 semper
401 533 589 578 spectare
618 527 832 566 debemus.
885 527 1179 576 Quamobrem,
1207 533 1256 566 ut
1281 527 1419 579 paullo

211 603 308 636 ante
331 601 463 648 posui,
488 601 521 636 si
547 604 686 637 essent
710 601 848 636 omnia
870 598 970 636 mihi
993 598 1254 645 solutissima,
1277 603 1419 637 tamen

209 670 253 707 in
270 668 480 719 republica
497 682 580 707 non
599 668 700 708 alius
720 682 867 715 essem,
886 675 1013 721 atque
1031 683 1140 708 nunc
1157 683 1262 708 sum.
1314 668 1418 719 Cum

212 752 307 777 vero
330 742 374 777 in
397 739 505 777 hunc
529 753 695 778 sensum
719 746 764 779 et
788 740 940 779 alliciar
962 739 1170 779 beneficiis
1194 739 1419 786 hominum,

213 815 257 848 et
293 810 514 862 compellar
544 813 714 857 iniuriis,
744 810 864 849 facile
899 813 1050 862 patior,
1081 823 1131 849 ea
1167 823 1235 849 me
1272 810 1326 850 de
1355 823 1420 849 re-

210 880 375 932 publica
402 883 555 919 sentire
585 894 632 919 ac
660 881 811 927 dicere,
841 894 948 933 quae
976 884 1156 920 maxime
1184 895 1279 920 cum
1305 873 1419 927 mihi,

210 957 301 990 tum
327 954 455 990 etiam
479 951 729 1002 reipublicae
754 953 981 990 rationibus
1005 957 1152 1003 putem
1177 951 1419 991 conducere.

210 1022 406 1073 Apertius
422 1028 563 1060 autem
578 1022 680 1060 haec
695 1035 773 1074 ago
789 1036 836 1060 ae
850 1025 1027 1073 saepius,
1042 1023 1153 1074 quod
1168 1028 1212 1061 et
1226 1022 1419 1071 Quintus,

209 1092 339 1131 frater
363 1106 494 1139 meus,
519 1093 683 1145 legatus
710 1099 775 1132 est
801 1093 1000 1140 Caesaris,
1027 1099 1072 1132 et
1097 1093 1254 1132 nullum
1278 1105 1418 1133 meum

209 1166 423 1202 minimum
456 1164 627 1210 dietum,
660 1178 743 1202 non
775 1164 898 1202 modo
931 1163 1102 1211 factum,
1134 1177 1209 1215 pro
1241 1163 1416 1204 Caesare

208 1237 454 1280 intercessit,
475 1235 586 1286 quod
604 1234 672 1272 ille
693 1248 775 1273 non
794 1238 855 1273 ita
873 1235 1019 1273 illustri
1038 1238 1174 1286 gratia
1193 1237 1417 1287 exceperit,

209 1311 257 1344 ut
283 1318 360 1357 ego
387 1318 483 1343 eum
508 1305 608 1343 mihi
633 1306 871 1344 devinctum
895 1312 1101 1357 putarem.
1156 1306 1305 1358 Itaque
1331 1294 1418 1345 eius

209 1379 319 1414 omni
352 1382 396 1414 et
427 1379 575 1428 gratia,
608 1389 715 1428 quae
747 1390 908 1415 summa
940 1383 1018 1424 est,
1051 1382 1095 1416 et
1126 1377 1286 1428 opibus,
1317 1389 1418 1429 quas

207 1447 402 1498 intelligis
422 1460 511 1485 esse
529 1450 744 1493 maximas,
762 1450 819 1486 sic
836 1446 962 1493 fruor,
980 1453 1028 1486 ut
1045 1450 1162 1486 meis.
1215 1447 1303 1486 Nec
1316 1440 1418 1486 'mihi

209 1517 329 1556 aliter
356 1520 540 1568 potuisse
571 1517 711 1556 videor
741 1517 952 1556 hominum
981 1518 1236 1569 perditorum
1267 1517 1319 1556 de
1349 1530 1417 1557 me

207 1588 373 1627 consilia
390 1588 596 1640 frangere,
614 1591 691 1627 nisi
709 1603 802 1627 cum
819 1576 1032 1640 praesidiis
1048 1591 1112 1635 iis,
1130 1602 1237 1640 quae
1255 1601 1418 1640 semper

206 1659 346 1705 habui,
378 1673 486 1697 nunc
519 1662 645 1698 etiam
686 1662 922 1710 potentium
960 1659 1292 1698 benevolentiam
1323 1673 1418 1698 con-

205 1732 443 1768 iunxissem.
501 1730 576 1768 His
624 1743 702 1781 ego
748 1730 936 1776 consiliis,
983 1733 1016 1768 si
1062 1735 1106 1769 te
1151 1735 1415 1788 praesentem

207 1801 455 1847 habuissem,
481 1806 530 1839 ut
556 1804 692 1851 opinio
719 1814 814 1839 mea
839 1800 936 1847 fert,
963 1814 1096 1840 essem
1123 1814 1219 1840 usus
1246 1800 1415 1843 eisdem.

207 1871 310 1910 Novi
337 1874 446 1909 enim
472 1875 792 1922 temperantiam
820 1877 864 1910 et
889 1872 1215 1910 moderationem
1241 1877 1414 1911 naturae

206 1948 319 1987 tuae,
352 1945 444 1980 novi
484 1945 679 1987 animum,
717 1955 809 1980 cum
847 1942 946 1980 mihi
985 1945 1287 1988 amicissimum,
1323 1946 1413 1981 tum

587 2037 602 2051 ⁰
626 2031 768 2071 Caesar,
787 2035 850 2064 not
866 2031 1033 2072 QuintuS.

211 2089 263 2124 80
