1442 2392
710 153 913 193 CICERO

207 269 317 295 esses
339 258 383 295 in
406 255 553 303 Sicilia,
577 258 714 309 quoad
737 258 890 304 velles;
930 271 975 297 se
996 264 1292 310 praestatum&
1315 259 1414 300 nihil

207 345 260 371 ex
287 346 336 371 eo
362 338 407 371 te
433 332 664 371 offensionis
691 334 942 373 habiturum.
996 334 1186 383 Quando,
1214 335 1317 388 quid
1337 318 1414 390 tibi

204 411 485 459 permittatur,
500 412 700 461 cognosti,
717 410 816 461 quid
830 410 930 448 mihi
943 411 1121 462 placeat,
1135 418 1238 463 puto
1253 418 1298 451 te
1311 396 1414 452 scire

166 489 187 521 2
206 490 410 535 oportere.
465 485 580 523 Actis
611 485 673 524 his
702 487 840 532 rebus,
870 486 1037 526 litterae
1068 500 1092 525 a
1121 493 1166 526 te
1195 487 1295 527 mihi
1322 487 1414 528 red-

205 560 318 599 ditae
336 566 446 607 sunt,
465 562 612 612 quibus
629 575 655 600 a
672 575 739 600 me
757 563 970 601 consilium
986 565 1109 615 petis,
1128 564 1228 615 quid
1244 566 1321 603 sim
1337 565 1413 605 tibi

205 642 361 682 auctor,
386 640 429 674 in
453 636 641 675 Siciliane
666 638 866 684 subsidas,
891 652 945 677 an
968 639 1023 678 ad
1045 639 1238 691 reliquias
1262 640 1414 679 Asiati-

204 726 278 751 cae
300 715 592 764 negotiationis
614 714 883 765 proficiscare.
938 714 1054 754 Haec
1075 721 1150 754 tua
1171 715 1413 756 deliberatio

204 802 288 827 non
303 789 402 827 mihi
418 792 634 828 convenire
650 793 736 828 visa
753 796 818 829 est
833 804 927 829 cum
943 794 1128 831 oratione
1145 792 1282 844 Largi.
1337 792 1413 832 Ille

206 868 316 903 enim
337 879 512 912 mecum,
535 869 651 917 quasi
674 867 750 904 tibi
771 880 854 905 non
874 867 1019 906 liceret
1039 870 1083 906 in
1104 867 1238 907 Sicilia
1259 868 1412 908 diutius

203 944 458 987 commorari,
475 945 535 980 ita
550 942 710 981 locutus
729 949 819 982 erat
836 956 846 989 ;
879 949 926 982 tu
945 950 1100 991 autem,
1117 947 1234 996 quasi
1250 932 1413 984 conces-

204 1030 295 1056 sum
320 1020 387 1063 sit,
411 1020 471 1056 ita
496 1018 713 1058 deliberas.
768 1018 850 1058 Sed
876 1033 968 1072 ego,
993 1023 1078 1059 sive
1102 1020 1179 1060 hoc
1204 1023 1288 1060 sive
1312 1021 1413 1061 illud

206 1100 284 1139 est,
313 1096 355 1131 in
385 1093 518 1132 Sicilia
547 1108 694 1133 censeo
723 1097 1072 1138 commorandum.
1125 1097 1412 1149 Propin‘quitas

204 1170 384 1208 locorum
399 1170 465 1208 vel
480 1171 534 1209 ad
547 1172 853 1222 impetrandum
868 1173 1079 1211 adiuvabit
1093 1174 1244 1212 crebris
1263 1174 1412 1213 litteris

205 1252 250 1285 et
263 1249 431 1292 nuntiis,
446 1246 511 1285 vel
531 1247 584 1285 ad
601 1247 758 1286 reditus
778 1248 1049 1295 celeritatem,
1064 1263 1109 1288 re
1128 1255 1202 1288 aut
1216 1253 1409 1302 impetra-

203 1328 262 1368 ta,
284 1323 395 1374 quod
415 1336 548 1373 spero,
569 1329 643 1361 aut
664 1323 801 1375 aliqua
820 1327 981 1363 ratione
1001 1324 1205 1366 confecta.
1257 1326 1410 1375 Quam-

163 1403 185 1437 3
203 1399 345 1437 obrem
363 1411 511 1437 censeo
531 1412 681 1451 magno
701 1413 826 1451 opere
845 1401 1193 1442 commorandum.
1243 1401 1291 1442 T.
1312 1403 1410 1441 Fur-

201 1474 312 1513 fanio
342 1474 552 1521 Postumo,
574 1473 763 1513 familiari
787 1490 894 1523 meo,
917 1477 1149 1530 legatisque
1178 1471 1279 1525 eius,
1310 1471 1409 1538 item

201 1554 304 1589 meis
342 1549 622 1598 familiaribus,
657 1552 968 1604 diligentissime
1012 1559 1056 1592 te
1097 1555 1408 1602 commendabo,

201 1640 295 1665 cum
326 1629 529 1665 venerint.
583 1628 714 1665 Erant
747 1631 856 1666 enim
889 1642 1030 1668 omnes
1065 1629 1270 1671 Mutinae.
1323 1628 1408 1685 Viri

200 1708 297 1742 sunt
311 1705 469 1753 optimi,
484 1708 528 1741 et
542 1706 604 1741 tui
618 1703 808 1742 similium
822 1705 1007 1751 studiosi,
1022 1711 1066 1744 et
1079 1709 1163 1745 mei
1175 1709 1406 1748 necessarii.

200 1778 318 1827 Quae
338 1778 438 1816 mihi
458 1781 626 1817 venient
646 1782 689 1816 in
709 1786 907 1827 mentem,
929 1794 1036 1832 quae
1056 1782 1111 1820 ad
1132 1787 1177 1821 te
1194 1786 1407 1834 pertinere

198 1855 440 1900 arbitrabor,
459 1867 509 1892 ea
526 1868 619 1893 mea
637 1861 783 1906 sponte
802 1855 965 1897 faciam.
1018 1856 1060 1896 Si
1078 1858 1177 1910 quid
1193 1847 1405 1911 ignorabo,

249 1965 373 1999 “This
411 1965 603 1999 Furfanius
634 1977 706 2000 was
743 1978 766 2000 a
796 1967 903 2001 iudex
940 1970 976 2002 in
1014 1968 1074 2002 the
1108 1969 1189 2003 trial
1220 1970 1261 2004 of
1298 1964 1404 2012 Milo.

200 2009 273 2042 and
288 2009 359 2042 had
373 2009 461 2042 been
475 2009 683 2043 threatened
697 2009 747 2053 by
761 2010 919 2044 Clodius.
969 2011 1026 2046 He
1042 2023 1114 2046 was
1129 2023 1210 2046 now
1226 2019 1403 2077 governor

200 2053 240 2086 of
254 2052 364 2095 Sicily
379 2053 436 2086 for
451 2053 511 2086 the
527 2053 657 2087 second
676 2055 772 2087 time.

202 2108 281 2145 474
