1442 2392
667 126 871 167 CICERO

166 230 325 269 accidet
353 234 389 268 ei
417 234 639 282 separatim
667 245 692 269 a
718 231 883 282 reliquis
909 231 1077 270 civibus.
1133 231 1238 270 Nam
1265 229 1375 282 quod

165 298 298 336 rogas,
334 291 380 323 ut
412 289 627 336 respiciam
660 299 860 337 generum
894 299 1033 324 meum
1067 285 1376 324 adulescentem

166 342 366 390 optimum
390 340 571 391 mihique
594 343 860 386 carissimum,
882 352 935 378 an
956 339 1122 378 dubitas
1144 353 1238 378 cum
1259 342 1376 386 scias,

166 396 311 444 quanti
336 408 430 432 cum
455 394 583 440 illum,
610 400 700 433 tum
727 407 823 432 vero
848 393 1023 432 Tulliam
1049 407 1186 432 meam
1211 393 1376 440 faciam,

167 450 266 499 quin
295 461 345 486 ea
369 461 436 486 me
462 462 560 486 cura
585 448 945 487 vehementissime
973 448 1199 487 sollicitet?
1242 448 1300 486 Et
1315 447 1376 486 *eo

166 505 311 553 magis,
352 502 463 553 quod
501 505 544 540 in
584 503 866 541 communibus
907 505 1078 541 miseriis
1118 502 1195 540 hae
1234 505 1376 541 tamen

166 556 405 594 oblectabar
439 557 619 607 specula,
656 557 914 595 Dolabellam
950 570 1104 602 meum,
1139 556 1208 595 vel
1238 559 1376 608 potius

167 616 366 657 nostrum,
392 610 480 649 fore
508 612 560 649 ab
586 614 634 649 iis
661 611 872 657 molestiis,
900 624 1002 662 quas
1026 608 1276 649 liberalitate
1301 623 1377 650 sua

167 670 444 711 contraxerat,
465 665 654 703 liberum.
707 665 840 703 Velim
863 678 1051 716 quaeras,
1073 678 1176 716 quos
1196 664 1266 703 ille
1288 663 1376 703 dies

167 722 421 765 sustinuerit,
451 722 495 757 in
527 720 642 758 Urbe
674 719 773 758 dum
804 719 898 765 fuit,
929 733 1054 771 quam
1086 719 1254 757 acerbos
1285 716 1376 764 sibi,

167 786 291 824 quam
314 773 414 812 mihi
436 776 513 824 ipsi
536 787 676 812 socero
699 787 781 812 non
804 773 1012 812 honestos.
1066 773 1226 825 Itaque
1239 784 1376 824 neque

168 840 245 878 ego
263 827 371 866 hunc
389 828 706 878 Hispaniensem
722 841 862 866 casum
880 833 1090 878 exspecto,
1108 827 1160 866 de
1178 840 1261 879 quo
1277 826 1378 865 111th

167 881 427 932 exploratum
449 889 514 921 est
533 885 594 921 ita
615 895 719 928 esse,
741 888 789 921 ut
809 888 859 921 tu
878 883 1033 928 scribis,
1054 895 1131 920 nec
1152 881 1377 934 quidquam

167 942 305 974 astute
332 939 482 988 cogito.
536 936 577 975 Si
604 937 769 988 quando
797 939 876 975 erit
901 939 1057 981 civitas,
1085 938 1164 974 erit
1189 933 1376 986 profecto

165 990 282 1029 nobis
294 990 420 1037 locus,
434 993 495 1029 sin
515 997 656 1029 autem
676 1004 758 1029 non
778 993 870 1036 erit,
887 993 931 1028 in
950 990 1117 1029 easdem
1135 989 1375 1029 solitudines

167 1050 212 1082 tu
234 1047 322 1095 ipse
345 1045 409 1097 (ut
430 1046 620 1097 arbitror)
642 1048 795 1091 venies,
816 1048 858 1083 in
880 1044 1028 1096 quibus
1048 1057 1123 1083 nos
1143 1041 1374 1083 consedisse

166 1098 321 1137 audies.
385 1099 468 1138 Sed
502 1112 579 1151 ego
611 1099 784 1138 fortasse
810 1102 1020 1144 vaticinor,
1045 1104 1090 1137 et
1112 1098 1227 1137 haec
1237 1094 1375 1136 omni&

165 1153 353 1191 meliores
377 1153 592 1192 habebunt
617 1156 766 1192 exitus.
819 1153 1025 1192 Recordor
1049 1155 1159 1191 enim
1183 1152 1375 1204 despera·-

166 1210 299 1245 tiones
321 1221 476 1254 eorum,
499 1211 569 1259 qui
590 1221 709 1246 senes
732 1214 864 1252 erant,
886 1207 1155 1246 adulescente
1172 1218 1267 1252 me;
1303 1217 1374 1244 eos

166 1274 244 1312 ego
259 1261 433 1300 fortasse
449 1275 557 1300 nunc
572 1265 723 1307 imitor,
740 1268 784 1300 et
800 1268 893 1300 utor
909 1264 1059 1300 aetatis
1074 1263 1188 1300 vitio.
1240 1259 1377 1298 Velim

165 1318 225 1353 ita
253 1319 320 1354 sit.
374 1316 456 1354 Sed
483 1317 653 1354 tamen!
685 1346 694 1354 .
725 1346 733 1354 .
765 1346 773 1354 .
801 1316 958 1367 Togam
989 1321 1253 1366 praetextam
1285 1315 1375 1352 texi

166 1369 301 1420 Oppio
336 1376 438 1420 puto
473 1376 517 1408 te
554 1370 730 1408 audisse.
798 1370 904 1408 Nam
941 1370 1282 1408 Curtius'noster
1315 1367 1375 1406 di-

166 1424 347 1474 baphum
376 1427 557 1475 cogitat,
604 1425 678 1462 sed
708 1438 802 1462 eum
831 1423 1006 1462 infector
1033 1429 1230 1462 moratur.
1283 1422 1374 1460 Hoc

215 1504 384 1537 “Where
400 1504 489 1537 Pom
516 1515 560 1546 ey
564 1504 591 1537 's
607 1503 751 1546 legates
769 1503 955 1542 Afranius,
972 1502 1142 1541 Petreius,
1157 1501 1230 1535 and
1243 1495 1375 1542 'Varro

169 1559 259 1625 {vere
284 1549 462 1591 opposing
518 1559 631 1587 aesar,
658 1547 738 1581 who
764 1548 857 1580 after
882 1547 973 1580 their
998 1546 1120 1580 defeat
1143 1544 1309 1602 returned
1334 1546 1374 1580 to

186 1593 295 1626 tome.

218 1635 231 1655 ¹²
254 1636 331 1669 The
351 1635 596 1669 embroidered
616 1635 703 1668 robe
723 1635 765 1668 of
784 1645 805 1667 a
825 1633 948 1668 curule
965 1635 1184 1677 magistrate.
1232 1632 1377 1676 Oppius

168 1691 241 1713 was
258 1691 326 1713 one
343 1680 384 1713 of
396 1679 539 1713 Caesar’
541 1690 558 1712 s
575 1682 669 1712 most
684 1678 820 1712 trusted
837 1681 976 1722 agents.

218 1723 330 1756 ⁶The
341 1724 472 1761 trabea,
481 1723 594 1756 arobe
606 1723 647 1756 of
653 1721 778 1765 purple
789 1722 860 1755 and
871 1721 1016 1760 saffron,
1025 1732 1123 1755 worn
1132 1720 1183 1763 by
1189 1731 1235 1754 an
1246 1731 1372 1764 augur.

216 1766 232 1787 ‘¹
256 1767 327 1800 Lit
353 1766 442 1800 “his
469 1767 519 1809 dy
520 1778 556 1799 er
580 1766 691 1809 keeps
713 1765 788 1799 him
812 1767 970 1807 waiting.
976 1765 996 1779 ”
1047 1765 1118 1798 But
1145 1763 1286 1807 inficere
1309 1764 1375 1798 ha&

166 1811 226 1844 the
248 1811 380 1844 double
405 1812 575 1853 meaning
602 1810 675 1843 of‘
679 1809 870 1852 ‘dyeing'’
895 1809 1001 1842 and‘
1005 1809 1247 1851 ‘corrupting‚
1251 1807 1272 1822 ’'
1300 1804 1372 1841 and

169 1856 292 1888 (icero
329 1856 523 1887 insinuates
557 1854 635 1886 that
670 1853 800 1886 Caesar
838 1852 912 1895 (the
943 1852 1110 1896 infector)
1141 1851 1212 1886 had
1247 1851 1372 1885 bribed

169 1900 313 1931 (urtius
340 1902 377 1932 to
401 1899 478 1950 join
506 1897 579 1930 him
611 1897 661 1939 by
688 1897 748 1930 the
778 1898 932 1940 promise
963 1891 1005 1929 of
1030 1907 1078 1929 an
1101 1895 1374 1952 augurship-—a

168 1943 323 1984 promise
346 1941 389 1974 he
415 1943 443 1974 is
465 1953 544 1975 now
564 1941 758 1983 hesitating
776 1944 813 1973 to
837 1939 940 1973 fulfil.
986 1938 1109 1972 Jeans’
1131 1938 1321 1981 rendering
1344 1939 1372 1971 is

167 1985 399 2027 exceedingly
426 1984 692 2018 clever--‘b11t
715 1983 774 2017 the
801 1995 929 2040 person
949 1983 1051 2026 from
1077 1983 1186 2017 whom
1213 1982 1253 2016 he
1276 1982 1372 2016 takes

167 2030 223 2062 his
240 2030 363 2062 colour
379 2031 408 2062 is
425 2028 582 2072 keeping
598 2027 673 2060 him
691 2026 874 2070 waiting?
1322 2047 1324 2049 -

176 2086 250 2118 148
