1442 2392
105 1137 122 1171 1

178 562 246 608 M.
278 563 469 608 TULLI
499 563 834 608 CICERONIS
869 545 1323 615 EPISTULARUM

392 642 394 644 ’
482 639 571 682 AD
604 640 988 682 FAMILIARES

513 747 680 787 LIBER
707 747 971 797 QUARTUS

744 853 765 892 Ι

430 961 478 988 M.
503 961 543 988 Τ.
571 962 606 988 C.
634 961 667 988 S.
695 962 735 988 D.
763 962 850 988 SER.
879 962 1059 989 SULPICIO

482 1052 524 1086 In
541 1052 626 1086 villa
642 1052 814 1095 quadam,
831 1063 938 1086 aaz-c.
957 1055 1035 1087 705.

205 1130 332 1169 Gaius
359 1130 592 1176 Trebatius,
614 1129 823 1169 familiaris
851 1143 981 1177 meus,
1011 1130 1064 1169 ad
1091 1144 1160 1171 me
1187 1134 1370 1184 scripsit,

153 1191 198 1224 te
224 1198 276 1224 ex
305 1197 349 1223 se
379 1187 601 1236 quaesisse,
625 1185 772 1236 quibus
800 1187 844 1223 in
871 1184 969 1223 loeis
1000 1198 1147 1232 essem,
1170 1186 1362 1226 moleste·

154 1253 235 1291 que
265 1245 309 1278 te
338 1237 461 1285 ferre,
491 1239 602 1290 quod
629 1252 697 1277 me
725 1245 896 1290 propter
923 1239 1203 1279 valetudinem
1231 1247 1368 1288 tuam,-

153 1308 247 1333 cum
289 1293 343 1331 ad
383 1293 540 1331 Urbem
571 1296 846 1340 accessissem,
876 1307 958 1332 non
989 1294 1172 1340 vidisses,
1203 1300 1248 1334 et
1285 1295 1373 1335 hoo

154 1354 342 1398 tempore
385 1347 489 1386 velle
527 1353 571 1386 te
608 1360 785 1394 mecum,
819 1350 854 1386 si
887 1351 1054 1399 propius
1088 1352 1374 1397 accessissem,'

154 1402 207 1441 de
225 1402 355 1440 officio
374 1404 588 1453 utriusque
606 1408 792 1441 nostrum
809 1405 1125 1443 communicare.
1177 1403 1363 1451 Utinam,

155 1456 283 1503 Servi,
307 1456 427 1494 salvis
454 1457 577 1494 rebus
602 1456 674 1508 (sic
703 1459 811 1495 enim
842 1462 906 1495 est
929 1457 1166 1510 dicendum)
1188 1457 1363 1510 colloqui

154 1513 429 1562 potuissemus
442 1513 551 1549 inter
565 1524 637 1549 nos
655 1510 665 1549 l
692 1510 879 1562 profecto
893 1511 1047 1563 aIIquid
1059 1513 1147 1563 opis
1161 1512 1363 1552 occidenti

154 1565 404 1616 reipublicae
426 1565 674 1603 tulissemus.
727 1565 958 1617 Cognoram
980 1569 1091 1604 enim
1111 1569 1194 1604 iam
1216 1567 1363 1606 absens

206 1698 222 1714 ⁴¹
246 1693 449 1727 Surnamed
474 1693 648 1728 Lemonia
674 1693 766 1728 after
792 1693 848 1728 his
872 1694 974 1728 tribe.
1023 1694 1081 1728 He
1105 1705 1178 1729 was
1207 1694 1298 1729 born
1325 1697 1363 1730 in

163 1739 240 1776 105,
255 1737 364 1780 being
377 1737 460 1771 thus
473 1749 496 1770 a
543 1749 604 1771 ear
622 1737 722 1771 older
739 1737 827 1771 than
849 1737 985 1777 Cicero,
1000 1739 1085 1772 with
1109 1739 1227 1772 whom
1249 1741 1286 1773 in
1308 1739 1364 1774 his

186 1781 273 1814 outh
296 1781 341 1814 he
362 1780 508 1815 attende
558 1780 715 1814 Molon's
737 1781 886 1815 lectures
909 1792 955 1814 on
978 1785 1123 1825 oratory
1144 1783 1182 1816 in
1206 1782 1376 1823 Rhode&-

186 1827 226 1858 ut
245 1824 454 1858 afterwards
475 1824 627 1858 devoted
648 1825 794 1858 himself
810 1828 848 1858 to
864 1824 954 1868 juris
982 1825 1146 1859 rudence.
1195 1825 1307 1869 Early
1320 1827 1364 1864 ‚in

160 1868 220 1901 the
237 1866 328 1901 Civil
344 1868 430 1901 War
447 1868 492 1901 he
507 1879 580 1901 was
596 1879 619 1901 a
635 1869 830 1901 somewhat
846 1867 944 1910 tepid
992 1870 1172 1912 ompeian,
1189 1869 1293 1903 while
1307 1870 1365 1904 his

160 1922 225 1944 son
246 1921 319 1944 was
339 1922 387 1944 an
408 1911 536 1944 ardent
556 1911 768 1945 Caesarean.
817 1911 921 1945 After
943 1911 1126 1945 Pharsalia
1147 1912 1192 1946 he
1213 1911 1306 1947 lived
1325 1916 1365 1948 at

161 1954 301 1992 Samos,
325 1955 441 1988 where
465 1955 597 1988 Brutus
619 1954 789 1988 attended
812 1955 867 1988 his
890 1955 1050 1989 lectures.
1101 1955 1143 1989 In
1165 1957 1210 1989 46
1233 1955 1365 1990 Caesar

162 1997 268 2030 made
283 1998 358 2030 him
373 1998 559 2032 Governor
572 1998 615 2031 of
627 1997 778 2033 Achaia.
830 1997 935 2031 After
949 1999 1010 2032 the
1023 1998 1168 2032 murder
1181 1999 1222 2033 of
1233 1999 1365 2034 Caesar

162 2041 208 2074 he
228 2041 318 2074 tried
339 2044 377 2075 to
397 2041 571 2075 reconcile
590 2045 651 2075 the
670 2040 891 2085 contending
910 2043 1054 2085 parties,
1075 2041 1148 2076 and
1168 2043 1206 2076 in
1226 2045 1272 2077 43
1292 2054 1364 2078 was

163 2091 242 2132 246
