1442 2392
714 146 918 186 CICERO

212 266 398 298 manens,
423 265 500 290 nec
525 257 688 290 mutata
713 254 819 289 ratio
844 251 954 290 feret
979 254 1171 303 primum,
1197 257 1245 291 ut
1269 255 1418 292 nonin

212 348 335 373 causa
353 337 442 385 pari
461 334 607 372 eadem
627 336 680 372 sit
700 339 744 372 et
762 333 945 372 condicio
966 339 1010 372 et
1027 332 1195 373 fortuna
1212 323 1418 382 omnium—3

212 417 377 462 deinde,
403 422 450 454 ut
475 419 517 454 in
544 429 636 454 eam
661 418 872 454 civitatem
896 416 993 454 boni
1019 419 1094 455 viri
1120 422 1165 455 et
1188 417 1286 455 boni
1309 419 1418 457 cives

211 499 322 537 nulla
344 501 567 550 ignominia
588 499 722 536 notati
744 511 827 536 non
845 503 1122 544 revertantur,
1142 501 1187 537 in
1207 512 1333 550 quam
1353 503 1419 551 tot

154 587 193 619 12
211 580 460 619 nefariorum
473 580 672 618 scelerum
685 580 947 618 condemnati
958 585 1234 620 reverterunt.
1277 580 1418 620 Habes

211 665 428 714 augurium
464 675 617 707 meum,
656 675 751 713 quo,
789 665 822 700 si
859 662 959 713 quid
996 662 1299 710 addubitarem,
1335 676 1418 702 non

209 747 346 797 potius
386 749 539 789 uterer,
579 757 703 795 quam
741 743 810 781 illa
848 743 1140 790 consolatione,
1179 757 1261 796 qua
1297 743 1417 784 facile

210 826 361 866 fortem
384 829 516 865 virum
540 831 928 872 sustentarem—te,
953 828 986 864 si
1012 825 1226 878 explorata
1249 829 1417 869 victoria

211 922 323 947 arma
336 910 576 959 sumpsisses
587 921 661 958 pro
673 907 883 958 republica
895 907 971 959 (ita
985 910 1094 946 enim
1105 913 1196 946 tum
1207 908 1416 961 putabas),

210 1004 291 1029 non
326 992 446 1028 nimis
483 1003 572 1028 esse
608 989 887 1035 laudandum3
939 992 1001 1028 sin
1035 995 1205 1041 propter
1239 990 1416 1030 incertos

211 1076 345 1112 exitus
374 1077 629 1123 eventusque
656 1071 856 1109 bellorum
893 1084 1014 1122 posse
1045 1071 1230 1110 accidere
1257 1077 1306 1110 ut
1330 1074 1416 1111 vin-

209 1168 394 1194 ceremur
422 1160 627 1205 putasses,
651 1167 734 1192 non
763 1153 916 1191 debere
946 1159 990 1192 te
1015 1153 1069 1192 ad
1092 1154 1314 1192 secundam
1335 1153 1416 1196 for-

209 1243 353 1276 tunam
385 1237 492 1274 bene
524 1241 716 1287 paratum
747 1234 887 1281 fuisse,
920 1235 1134 1273 adversam
1164 1234 1273 1274 ferre
1305 1235 1415 1292 nullo

209 1319 330 1357 modo
352 1331 485 1369 posse.
541 1317 809 1368 Disputarem
832 1319 972 1362 etiam,
995 1299 1150 1368 quanto
1173 1316 1415 1375 solatio'tibi

209 1402 457 1440 conscientia
477 1401 539 1437 tui
558 1398 672 1444 facti,
694 1404 926 1450 quantaeve
947 1398 1212 1437 delectationi
1231 1401 1275 1437 in
1292 1399 1415 1438 rebus

208 1483 386 1522 adversis
426 1481 591 1520 litterae
631 1494 721 1519 esse
759 1481 974 1519 deberent.
1043 1479 1415 1532 Commemorarem

207 1578 289 1603 non
327 1564 457 1602 solum
494 1568 697 1608 veterum,
732 1562 805 1600 sed
843 1562 989 1601 horum
1023 1564 1149 1600 etiam
1186 1565 1414 1602 recentium

206 1647 271 1686 vel
300 1645 450 1684 ducum
476 1644 542 1683 vel
569 1647 765 1682 comitum
791 1649 956 1682 tuorum
985 1642 1241 1695 gravissimos
1270 1657 1414 1691 casus;

208 1731 334 1767 etiam
350 1733 542 1765 externos
557 1726 707 1763 multos
723 1725 850 1763 claros
865 1728 970 1763 viros
985 1728 1252 1764 nominarem.
1282 1719 1414 1765 Levat

208 1813 318 1849 enim
336 1809 518 1847 dolorem
537 1810 762 1846 communis
781 1810 897 1858 quasi
915 1807 1016 1858 legis
1036 1812 1080 1845 et
1097 1787 1413 1862 humanae'couss

147 1902 186 1934 13
206 1893 373 1931 dicionis
423 1890 665 1928 recordatio.
725 1889 987 1939 Exponerem
1031 1890 1170 1934 etiam,
1218 1888 1413 1939 quemad-

206 1974 373 2012 modum
397 1972 474 2017 hic,
502 1977 546 2009 et
570 1976 725 2022 quanta
752 1973 795 2008 in
822 1970 958 2015 turba,
982 1975 1220 2022 quantaque
1248 1972 1292 2008 in
1319 1982 1410 2024 conf

209 2102 287 2143 462
