1442 2392
675 162 879 201 CICERO

173 269 369 316 effeceris,
406 274 454 307 ut
490 280 679 307 censores
716 272 922 312 creentur,
961 271 1005 304 et
1042 268 1075 304 si
1111 268 1172 304 ita
1207 267 1382 318 gesseris

172 346 400 377 censuram,
421 336 469 369 ut
492 336 536 369 et
559 330 686 368 debes
711 335 755 367 et
780 334 913 379 potes,
934 342 1016 366 non
1039 328 1115 366 tibi
1142 327 1287 374 solum,
1309 327 1383 367 sed

174 398 255 435 tuis
285 395 473 433 omnibus
503 392 622 431 video
652 395 694 430 in
723 397 973 443 perpetuum
1003 404 1162 429 summo
1191 396 1236 429 te
1266 403 1384 442 prae-

174 458 275 497 sidio
292 456 492 495 futurum.
547 455 654 492 Illud
669 467 810 505 pugna
829 459 873 492 et
891 455 1064 500 enitere,
1081 466 1134 491 ne
1152 453 1252 504 quid
1267 453 1384 507 nobis

175 522 371 571 temporis
387 523 631 570 prorogetur
649 530 658 563 ;
691 522 752 562 ut,
769 530 862 554 cum
879 515 943 554 hic
960 516 1036 554 tibi
1052 514 1384 563 satisfecerimus,

175 585 266 621 istic
299 594 464 633 quoque
499 585 681 618 nostram
714 581 757 616 in
790 584 834 616 te
868 577 1201 616 benevolentiam
1234 591 1384 617 navare

175 647 389 696 possimus.
443 643 561 690 Quae
575 642 626 680 de
639 641 851 679 hominum
864 646 990 691 atque
1003 640 1191 678 ordinum
1203 643 1385 679 omnium

177 721 274 759 erga
299 713 343 745 te
368 706 513 744 studiis
538 705 677 743 scribis
703 703 756 742 ad
779 716 860 749 me,
885 705 1053 740 minime
1078 702 1177 740 mihi
1200 703 1386 742 miranda

177 777 221 809 et
250 772 429 807 maxime
458 767 636 806 iucunda
666 766 930 811 acciderunt;
976 765 1206 817 eademque
1237 766 1290 804 ad
1317 779 1385 805 me

177 835 403 885 perscripta
435 836 531 869 sunt
564 843 588 867 a
620 828 886 867 familiaribus
918 830 1034 867 meis.
1088 828 1237 880 Itaque
1269 832 1386 880 capio

177 908 371 947 magnam
399 893 669 943 voluptatem,
698 905 791 930 cum
820 891 910 937 tibi,
938 893 1052 929 cuius
1079 890 1179 929 mihi
1207 894 1386 931 amicitia

177 972 259 997 non
284 957 415 996 solum
440 955 590 1006 ampla,
615 954 689 993 sed
715 957 842 992 etiam
866 953 1045 992 iucunda
1069 959 1148 1000 est,
1173 966 1223 992 ea
1246 955 1386 1001 tribui,

178 1034 284 1073 quae
307 1020 538 1058 debeantur
556 1030 566 1063 3
602 1023 692 1056 tum
715 1030 811 1055 vero
831 1029 1046 1054 remanere
1068 1019 1195 1054 etiam
1216 1020 1386 1056 nuncin

177 1086 345 1122 civitate
367 1087 507 1120 nostra
527 1080 678 1125 studia,
700 1092 827 1130 prope
850 1082 1032 1117 omnium
1053 1092 1267 1125 consensu,
1288 1092 1386 1132 erga

178 1145 305 1184 fortes
349 1150 392 1182 et
434 1143 654 1181 industrios
697 1144 829 1187 viros3
886 1155 993 1192 quae
1035 1140 1135 1179 mihi
1175 1143 1264 1192 ipsa
1305 1155 1387 1181 una

178 1220 341 1258 semper
375 1195 533 1244 tributa
567 1217 724 1242 merces
761 1209 825 1242 est
859 1203 1045 1241 laborum
1081 1209 1125 1242 et
1159 1202 1386 1255 vigiliarum

178 1283 377 1308 mearum.
432 1267 539 1305 Illud
561 1280 656 1304 vero
678 1265 777 1303 mihi
798 1268 1021 1316 permirum
1043 1265 1204 1312 accidit,
1225 1262 1387 1306 tantam

178 1334 460 1372 temeritatem
500 1328 625 1367 fuisse
665 1331 708 1366 in
748 1342 797 1367 eo
838 1327 1115 1374 adolescente,
1154 1330 1268 1367 cuius
1308 1341 1388 1380 ego

178 1395 354 1434 salutem
383 1393 542 1431 duobus
572 1394 717 1442 capitis
746 1391 903 1429 iudiciis
932 1404 1092 1429 summa
1121 1394 1388 1433 contentione

179 1457 360 1502 defendi,
406 1461 467 1501 ut,
512 1458 594 1494 tuis
638 1456 859 1492 inimicitiis
903 1453 1184 1504 suscipiendis,
1227 1453 1388 1493 oblivis-

178 1526 341 1560 ceretur
378 1520 541 1569 patroni
580 1520 762 1555 omnium
800 1515 1058 1554 fortunarum
1097 1529 1144 1554 ac
1181 1519 1386 1556 rationum

179 1596 343 1622 suarum
362 1595 372 1627 3
404 1583 648 1632 praesertim
667 1593 760 1617 cum
779 1585 827 1617 tu
846 1579 1033 1617 omnibus
1053 1577 1118 1616 vel
1136 1581 1386 1619 ornamentis

179 1645 244 1684 vel
275 1644 487 1696 praesidiis
519 1642 785 1688 redundares,
817 1641 873 1679 illi
907 1642 971 1693 (ut
1002 1641 1204 1680 levissime
1236 1641 1385 1694 dicam)

178 1708 309 1747 multa
330 1707 523 1745 deessent
541 1718 550 1751 ;
586 1707 699 1743 cuius
720 1718 853 1743 sermo
874 1704 1025 1743 stultus
1046 1710 1090 1743 et
1109 1703 1275 1755 puerilis
1296 1710 1386 1744 erat

178 1774 261 1810 iam
284 1776 409 1808 antea
432 1769 485 1807 ad
507 1781 573 1806 me
598 1782 622 1806 a
647 1767 709 1806 M.
733 1767 886 1812 Caelio,
908 1766 1096 1804 familiari
1119 1772 1272 1812 nostro,
1294 1779 1386 1817 per·

231 1914 246 1929 ‘²
271 1907 468 1942 Dolabella.
518 1906 585 1940 See
602 1909 684 1939 note
700 1916 747 1938 on
764 1908 780 1943 ξ
800 1907 830 1937 1.

233 1953 247 1973 ⁶
271 1953 305 1985 It
321 1953 350 1984 is
365 1954 428 1984 not
444 1950 578 1983 known
593 1950 690 1982 what
705 1948 803 1981 these
818 1947 918 1980 trials
935 1958 1025 1980 were
1040 1947 1107 1980 for.

231 2000 244 2017 ⁰
268 1996 288 2009 “
305 1995 422 2028 When
454 1994 618 2036 entering
647 2003 693 2026 on
738 2002 762 2025 a
792 2001 917 2025 course
946 1990 987 2025 of
1013 1990 1173 2033 hostility
1204 1993 1242 2024 to
1271 1989 1382 2033 you.”

184 2037 442 2080 Shuckburgh.

190 2095 265 2130 220
