1442 2392
686 128 890 170 CICERO

623 352 766 378 CICERO
793 353 956 380 LIGARIO

603 433 753 475 Romae,
769 447 878 470 ΛΑΜ).
896 439 976 472 708.

144 512 164 548 1
237 509 311 549 Me
331 514 433 550 scito
453 526 619 550 omnem
637 513 834 560 laborem,
854 528 1018 554 omnem
1038 530 1220 567 operam,
1237 528 1394 564 curam,

183 573 365 611 studium
403 577 445 612 in
483 581 556 613 tua
593 576 726 614 salute
764 590 1018 617 consumere.
1072 579 1189 618 Nam¹
1215 593 1310 619 cum
1343 585 1393 634 te

182 648 345 687 semper
374 640 554 676 maxime
584 638 723 685 dilexi,
753 644 844 678 tum
873 639 1048 679 fratrum
1077 646 1257 689 tuorum,
1287 645 1389 694 quos

182 711 315 750 aeque
335 705 462 751 atque
481 706 525 739 te
544 714 704 740 summa
721 703 1011 742 benevolentia
1029 717 1120 743 sum
1137 704 1388 757 complexus,

181 762 395 812 singularis
408 765 543 814 pietas
556 777 752 816 amorque
764 764 970 805 fraternus
983 766 1141 805 nullum
1152 767 1220 806 me
1231 770 1390 820 patitur

182 824 285 862 offici
315 838 413 877 erga
441 831 486 864 te
514 827 708 879 studique
735 842 883 867 munus
911 834 986 867 aut
1013 834 1178 881 tempus
1205 835 1389 882 praeter-

181 890 364 926 mittere.
418 888 501 927 Sed
533 903 640 941 quae
672 889 822 929 faciam
853 891 1106 944 fecerimque
1127 904 1212 944 ‘pro
1243 898 1303 940 te,
1335 903 1389 933 ex

180 949 341 988 illorum
366 956 411 989 te
436 951 599 999 litteris,
626 966 751 1005 quam
777 967 828 992 ex
854 958 970 1001 meis,
995 955 1103 994 malo
1129 954 1387 1008 cognoscere]-

181 1012 291 1060 Quid
327 1019 469 1052 autem
504 1026 667 1066 sperem
702 1022 777 1055 aut
811 1017 1014 1056 confidam
1050 1023 1094 1056 et
1130 1019 1388 1070 exploratum

180 1074 357 1114 habeam
384 1077 436 1116 de
464 1077 597 1116 salute
625 1084 713 1126 tua,
740 1080 783 1118 id
810 1081 885 1118 tibi
914 1094 938 1118 a
964 1093 1032 1119 me
1059 1080 1256 1120 declarari
1281 1081 1386 1120 volo.

180 1138 286 1176 Nam
299 1142 329 1177 si
344 1142 433 1191 quis
447 1146 510 1179 est
522 1142 689 1180 timidus
700 1145 743 1180 in
754 1146 913 1194 magnis
923 1143 1240 1195 periculosisque
1250 1144 1387 1191 rebus,

178 1214 424 1253 semperque
456 1207 587 1256 magis
620 1205 811 1244 adversos
843 1220 981 1244 rerum
1015 1209 1149 1245 exitus
1181 1211 1388 1257 metuens,

178 1277 303 1315 quam
318 1279 487 1316 sperans
504 1268 717 1314 secundos,
733 1271 766 1306 is
784 1282 861 1320 ego
877 1283 968 1307 sum
985 1282 995 1315 ;
1027 1275 1085 1315 et,
1101 1272 1134 1308 si
1149 1269 1226 1308 hoc
1241 1272 1386 1309 vitium

136 1331 157 1364 2
177 1333 254 1373 est,
281 1341 328 1366 eo
351 1342 420 1367 me
448 1343 530 1367 non
559 1344 698 1369 carere
725 1332 945 1371 confiteor-
991 1332 1081 1384 Ego
1109 1332 1219 1371 idem
1243 1338 1385 1372 tamen

174 1403 269 1428 cum
286 1404 324 1429 a.
343 1392 384 1430 d.
403 1406 442 1431 v.
465 1392 556 1431 Kal.
576 1394 839 1433 intercalares
856 1397 1025 1446 priores,
1043 1400 1192 1447 rogatu
1208 1394 1382 1434 fratrum

175 1458 362 1500 tuorum,.
375 1458 578 1494 venissem
598 1470 720 1495 mane
741 1457 795 1496 ad
816 1457 1049 1504 Caesarem,
1071 1463 1197 1509 atque
1219 1471 1383 1499 ornnem

175 1516 353 1555 adeundi
380 1523 424 1556 et
448 1519 716 1558 conveniendi
742 1520 847 1558 illius
872 1521 1164 1572 indignitatem
1190 1526 1234 1560 et
1258 1520 1382 1560 mole-

172 1578 336 1617 lestiam
370 1581 645 1631 pertulissem,
679 1596 773 1620 eum
806 1582 956 1622 fratres
991 1589 1035 1622 et
1068 1577 1286 1635 propinqui
1320 1583 1382 1623 tui

174 1643 356 1691 iacerent
373 1643 427 1682 ad
451 1644 594 1694 pedes,
613 1651 657 1683 et
675 1658 752 1696 ego
771 1659 904 1684 essem
929 1646 1103 1692 locutus,
1121 1659 1228 1698 quae
1245 1659 1381 1693 causa,

173 1717 279 1755 quae
297 1710 415 1743 tuum
431 1712 596 1758 tempus
612 1707 864 1758 postulabat,
881 1722 964 1747 non
980 1709 1110 1747 solum
1128 1721 1179 1747 ex
1196 1711 1379 1748 oratione

224 1821 238 1836 ‘¹
265 1817 305 1849 In
327 1818 396 1851 this
417 1830 502 1860 year
522 1819 596 1861 (46)
616 1823 687 1853 two
707 1820 977 1862 extraordinary
997 1821 1153 1859 months,
1173 1820 1214 1854 of
1229 1823 1378 1863 twenty·

175 1861 257 1893 nine
285 1861 357 1894 and
386 1862 612 1904 thirty-eight
640 1863 730 1905 days
758 1864 1001 1906 respectively,
1030 1875 1120 1898 were
1147 1863 1378 1898 intercalated

174 1902 332 1937 between
372 1905 576 1939 November
613 1906 686 1940 and
724 1907 932 1947 December,
971 1908 1007 1940 in
1045 1907 1207 1941 addition
1243 1910 1281 1941 to
1317 1906 1378 1943 the

173 1947 315 1989 regular
344 1949 557 1992 intercalary
586 1950 730 1983 months
760 1951 800 1983 of
826 1951 1075 1993 twenty-three
1104 1950 1194 1994 days
1223 1950 1377 1985 inserted

173 1989 331 2024 between
361 1991 546 2035 February
572 1993 644 2026 and
676 1994 816 2027 March.
864 1994 951 2028 This
979 2005 1065 2037 year
1092 1994 1267 2028 therefore
1293 2004 1377 2028 con-

173 2034 280 2067 sisted
298 2035 339 2068 of
351 2038 419 2069 455
436 2035 538 2079 days.
1295 2039 1298 2044 ’

174 2090 251 2129 498
