1442 2392
672 104 874 144 CICERO

171 222 238 247 me
259 211 341 247 iam
362 215 544 260 captum.
597 209 805 257 Quattuor
827 212 936 248 enim
957 215 1090 249 turres
1112 215 1158 249 et
1177 207 1375 262 quattuol·

171 285 307 310 muros
327 273 430 323 cepi,
447 277 491 311 et
510 286 645 311 arcem
666 285 807 311 eorum
826 279 973 319 totam,
989 286 1040 311 ex
1060 285 1142 325 qua
1160 286 1228 311 me
1247 275 1374 318 nives,

171 333 336 386 frigora,
357 335 507 373 imbres
529 335 794 375 detruserunt
811 348 822 382 ;
855 335 1122 388 indigneque,
1141 338 1198 374 mi
1219 335 1375 381 Cicero,

172 397 367 448 oppidum
384 403 551 448 captum
570 403 613 436 et
629 397 783 436 bellum
798 401 880 436 iam
896 397 1130 437 confectum
1145 398 1375 450 relinquere

172 474 261 498 sum
283 466 462 498 coactus.
515 460 653 508 Quare
675 466 719 500 te
740 474 839 512 rogo
862 466 906 499 et
927 474 1011 507 oro,
1032 463 1065 500 si
1086 474 1188 512 opus
1210 463 1303 507 erit,
1323 458 1376 500 ad

174 522 391 561 Caesarem
411 536 547 561 meam
567 537 731 562 causam
757 537 870 575 agas,
891 537 1042 576 meque
1067 524 1143 562 tibi
1168 526 1211 562 in
1235 534 1376 567 omnes

172 591 311 636 partes
331 585 638 624 defendendum
656 592 794 638 putes,
807 586 884 625 hoc
903 589 1156 633 existimans,
1170 588 1375 625 neminem

173 653 218 687 te
237 651 299 687 tui
322 652 592 687 amantiorem
612 649 779 688 habere.
831 649 946 688 Vale.

745 795 806 834 XI

357 903 405 929 M.
431 903 470 930 T.
497 904 533 930 C.
560 904 593 930 S.
621 904 661 930 D.
689 904 726 930 P.
753 904 919 930 VATINIO
946 903 1199 931 IMPERATom

594 978 743 1017 Romae,
761 989 868 1012 A.u.c.
888 981 966 1012 709.

130 1059 145 1094 1
228 1055 358 1094 Grata
388 1056 463 1094 tibi
494 1069 588 1094 mea
619 1069 707 1094 esse
738 1056 868 1094 officia
898 1070 980 1095 non
1010 1059 1146 1095 miror.
1198 1056 1378 1108 Cognovi

177 1121 287 1156 enim
313 1124 356 1156 te
384 1121 661 1169 gratissimum
689 1121 885 1165 omnium,
906 1119 1031 1170 idque
1059 1132 1284 1171 numquam
1309 1118 1379 1158 de-

177 1183 265 1219 stiti
292 1181 543 1231 praedicare.
597 1180 683 1219 Nec
711 1183 820 1219 em‘m
849 1187 897 1219 tu
924 1181 1023 1219 mihi
1052 1181 1230 1220 habuisti
1257 1180 1379 1220 modo

177 1246 367 1294 gratiam,
377 1257 518 1281 verum
529 1246 655 1281 etiam
664 1243 983 1282 cumulatissime
991 1243 1202 1282 rettulisti.
1227 1243 1379 1291 Quam-

178 1307 319 1344 obrem
350 1305 515 1358 reliquis
546 1309 627 1344 tuis
659 1307 780 1344 rebus
811 1307 998 1345 omnibus
1028 1309 1117 1358 pari
1146 1319 1213 1345 me
1243 1305 1379 1345 studio

131 1368 278 1420 2erga
302 1374 346 1407 te
373 1374 417 1408 et
442 1369 588 1407 eadem
614 1369 826 1408 voluntate
851 1383 1084 1421 cognosces.
1136 1369 1258 1418 Quod
1280 1368 1379 1407 mihi

179 1430 375 1470 feminam
394 1434 642 1482 primariam,
664 1431 915 1483 Pompeiam,
935 1445 1105 1471 uxorem
1124 1438 1254 1478 tuam,
1273 1445 1380 1470 com-

179 1494 364 1540 mendas,
391 1508 484 1532 eum
512 1494 614 1532 Sura
641 1500 781 1533 nostro
808 1497 950 1533 statim
977 1497 1059 1533 tuis
1090 1494 1238 1533 litteris
1264 1494 1380 1533 lectis

179 1556 339 1595 locutus
363 1570 467 1603 sum,
491 1563 538 1610 ut
563 1559 600 1595 ei
624 1559 726 1595 meis
749 1557 882 1595 verbis
905 1557 1076 1603 diceret,
1099 1563 1160 1603 ut,
1183 1556 1380 1608 quidquid

181 1633 282 1670 opus
312 1625 435 1665 esset,
463 1619 562 1657 mihi
590 1619 882 1664 denuntiaret;
925 1633 991 1658 me
1020 1621 1170 1666 omnia,
1197 1632 1304 1671 quae
1331 1631 1382 1658 ea

181 1682 319 1728 vellet,
360 1696 518 1720 summo
559 1682 695 1720 studio
735 1695 913 1733 curaque
954 1681 1187 1728 facturum;
1239 1683 1381 1734 itaque

237 1799 251 1815 ⁰
274 1794 387 1827 There
411 1796 439 1827 is
464 1794 551 1826 little
569 1794 684 1827 doubt
706 1793 784 1826 that
800 1794 966 1828 Vatinius
989 1793 1059 1827 had
1079 1794 1171 1828 been
1185 1792 1380 1836 compelled

191 1841 228 1870 to
244 1840 372 1870 retreat
387 1838 436 1880 by
452 1841 614 1880 stronger
629 1837 742 1870 forces
758 1836 846 1870 than
863 1841 885 1855 “
895 1848 1005 1876 snow,
1020 1836 1113 1876 cold,
1129 1837 1202 1870 and
1217 1837 1334 1870 rain·”

237 1882 250 1902 ὓ
275 1885 296 1899 “
307 1881 392 1914 This
409 1883 438 1914 is
455 1882 662 1923 interesting
677 1891 716 1913 as
732 1880 895 1924 showing
910 1881 970 1914 the
985 1882 1084 1914 strict
1098 1884 1251 1914 account
1265 1880 1380 1914 which

190 1924 321 1958 Caesar
343 1924 488 1958 exacted
514 1925 554 1957 of
574 1935 647 1966 any
665 1924 789 1957 failure
811 1934 857 1957 on
880 1924 940 1958 the
963 1927 1044 1967 part
1067 1924 1108 1957 of
1131 1924 1185 1958 his
1207 1923 1380 1967 generals,
1417 1947 1419 1949 -

187 1968 259 2001 and
282 1968 341 2001 the
357 1968 531 2001 influence
553 1967 668 2001 which
690 1968 812 2001 Cicero
832 1971 927 2002 must
950 1967 1040 2001 have
1063 1967 1152 2002 been
1174 1966 1380 2002 considered

189 2014 226 2044 to
242 2022 379 2054 possess
395 2011 480 2045 with
496 2011 608 2045 him.''
656 2011 804 2054 Tyrrell.

188 2063 266 2104 362
