<?xml version="1.0" encoding="UTF-8"?>
<!DOCTYPE html PUBLIC "-//W3C//DTD XHTML 1.0 Transitional//EN"
    "http://www.w3.org/TR/xhtml1/DTD/xhtml1-transitional.dtd">
<html xmlns="http://www.w3.org/1999/xhtml" xml:lang="en" lang="en">
 <head>
  <title>
</title>
<meta http-equiv="Content-Type" content="text/html;charset=utf-8" />
  <meta name='ocr-system' content='tesseract 3.04.00' />
  <meta name='ocr-capabilities' content='ocr_page ocr_carea ocr_par ocr_line ocrx_word'/>
</head>
<body>
  <div class='ocr_page' id='page_1' title='image "./letterstohisfrie01ciceuoft_0374.png"; bbox 0 0 1442 2392; ppageno 0'>
   <div class='ocr_carea' id='block_1_1' title="bbox 661 118 865 159">
    <p class='ocr_par' dir='ltr' id='par_1_1' title="bbox 661 118 865 159">
     <span class='ocr_line' id='line_1_1' title="bbox 661 118 865 159; baseline 0.005 -1"><span class='ocrx_word' id='word_1_1' title='bbox 661 118 865 159; x_wconf 88' lang='lat' dir='ltr'>CICERO</span> 
     </span>
    </p>
   </div>
   <div class='ocr_carea' id='block_1_2' title="bbox 156 222 1369 1585">
    <p class='ocr_par' dir='ltr' id='par_1_2' title="bbox 156 222 1369 1585">
     <span class='ocr_line' id='line_1_2' title="bbox 158 222 1364 270; baseline 0.002 -9"><span class='ocrx_word' id='word_1_2' title='bbox 158 228 201 261; x_wconf 88' lang='lat' dir='ltr'>te</span> <span class='ocrx_word' id='word_1_3' title='bbox 240 223 469 262; x_wconf 88' lang='lat' dir='ltr'>studiorum</span> <span class='ocrx_word' id='word_1_4' title='bbox 509 230 553 263; x_wconf 89' lang='lat' dir='ltr'>et</span> <span class='ocrx_word' id='word_1_5' title='bbox 591 225 812 263; x_wconf 88' lang='lat' dir='ltr'>officiorum</span> <span class='ocrx_word' id='word_1_6' title='bbox 850 228 1030 263; x_wconf 88' lang='lat' dir='ltr'>maxime</span> <span class='ocrx_word' id='word_1_7' title='bbox 1069 225 1266 270; x_wconf 85' lang='lat' dir='ltr'>conscius,</span> <span class='ocrx_word' id='word_1_8' title='bbox 1302 222 1364 269; x_wconf 65' lang='lat' dir='ltr'>tui</span> 
     </span>
     <span class='ocr_line' id='line_1_3' title="bbox 156 278 1367 330; baseline 0 -14"><span class='ocrx_word' id='word_1_9' title='bbox 156 278 342 328; x_wconf 89' lang='lat' dir='ltr'>cupidus,</span> <span class='ocrx_word' id='word_1_10' title='bbox 371 282 500 317; x_wconf 81' lang='lat' dir='ltr'><strong>nostri</strong></span> <span class='ocrx_word' id='word_1_11' title='bbox 528 283 845 326; x_wconf 88' lang='lat' dir='ltr'>amantissimus,</span> <span class='ocrx_word' id='word_1_12' title='bbox 875 280 928 318; x_wconf 87' lang='lat' dir='ltr'>ad</span> <span class='ocrx_word' id='word_1_13' title='bbox 956 285 1000 318; x_wconf 82' lang='lat' dir='ltr'>te</span> <span class='ocrx_word' id='word_1_14' title='bbox 1028 279 1367 330; x_wconf 83' lang='lat' dir='ltr'>proficisceretur,</span> 
     </span>
     <span class='ocr_line' id='line_1_4' title="bbox 158 335 1365 388; baseline 0.001 -15"><span class='ocrx_word' id='word_1_15' title='bbox 158 335 312 387; x_wconf 91' lang='lat' dir='ltr'>aliquid</span> <span class='ocrx_word' id='word_1_16' title='bbox 353 336 453 374; x_wconf 92' lang='lat' dir='ltr'>mihi</span> <span class='ocrx_word' id='word_1_17' title='bbox 499 337 760 375; x_wconf 89' lang='lat' dir='ltr'>scribendum</span> <span class='ocrx_word' id='word_1_18' title='bbox 802 339 959 388; x_wconf 84' lang='lat' dir='ltr'>putavi,</span> <span class='ocrx_word' id='word_1_19' title='bbox 994 339 1238 388; x_wconf 87' lang='lat' dir='ltr'>praesertim</span> <span class='ocrx_word' id='word_1_20' title='bbox 1272 347 1365 374; x_wconf 89' lang='lat' dir='ltr'>cum</span> 
     </span>
     <span class='ocr_line' id='line_1_5' title="bbox 159 392 1364 445; baseline 0.001 -15"><span class='ocrx_word' id='word_1_21' title='bbox 159 392 279 431; x_wconf 90' lang='lat' dir='ltr'>aliter</span> <span class='ocrx_word' id='word_1_22' title='bbox 295 395 373 443; x_wconf 92' lang='lat' dir='ltr'>ipsi</span> <span class='ocrx_word' id='word_1_23' title='bbox 393 393 618 444; x_wconf 90' lang='lat' dir='ltr'>Pomponio</span> <span class='ocrx_word' id='word_1_24' title='bbox 637 393 874 433; x_wconf 84' lang='lat' dir='ltr'>satisfacere</span> <span class='ocrx_word' id='word_1_25' title='bbox 894 407 977 432; x_wconf 90' lang='lat' dir='ltr'>non</span> <span class='ocrx_word' id='word_1_26' title='bbox 994 407 1172 445; x_wconf 88' lang='lat' dir='ltr'>possem.</span> <span class='ocrx_word' id='word_1_27' title='bbox 1224 393 1316 445; x_wconf 83' lang='lat' dir='ltr'>Ego</span> <span class='ocrx_word' id='word_1_28' title='bbox 1332 394 1364 431; x_wconf 86' lang='lat' dir='ltr'>si</span> 
     </span>
     <span class='ocr_line' id='line_1_6' title="bbox 157 449 1366 496; baseline 0 -9"><span class='ocrx_word' id='word_1_29' title='bbox 157 449 228 487; x_wconf 89' lang='lat' dir='ltr'>abs</span> <span class='ocrx_word' id='word_1_30' title='bbox 249 455 292 488; x_wconf 86' lang='lat' dir='ltr'>te</span> <span class='ocrx_word' id='word_1_31' title='bbox 308 464 468 488; x_wconf 90' lang='lat' dir='ltr'>summa</span> <span class='ocrx_word' id='word_1_32' title='bbox 486 451 616 489; x_wconf 86' lang='lat' dir='ltr'>officia</span> <span class='ocrx_word' id='word_1_33' title='bbox 635 451 880 496; x_wconf 84' lang='lat' dir='ltr'>desiderem,</span> <span class='ocrx_word' id='word_1_34' title='bbox 899 453 1048 489; x_wconf 92' lang='lat' dir='ltr'>mirum</span> <span class='ocrx_word' id='word_1_35' title='bbox 1067 453 1221 489; x_wconf 86' lang='lat' dir='ltr'>nemini</span> <span class='ocrx_word' id='word_1_36' title='bbox 1239 450 1366 489; x_wconf 75' lang='lat' dir='ltr'>videri</span> 
     </span>
     <span class='ocr_line' id='line_1_7' title="bbox 157 506 1367 559; baseline 0.002 -16"><span class='ocrx_word' id='word_1_37' title='bbox 157 506 326 544; x_wconf 85' lang='lat' dir='ltr'>debeat.</span> <span class='ocrx_word' id='word_1_38' title='bbox 380 506 531 545; x_wconf 88' lang='lat' dir='ltr'>Omnia</span> <span class='ocrx_word' id='word_1_39' title='bbox 549 511 659 546; x_wconf 90' lang='lat' dir='ltr'>enim</span> <span class='ocrx_word' id='word_1_40' title='bbox 678 521 701 546; x_wconf 91' lang='lat' dir='ltr'>a</span> <span class='ocrx_word' id='word_1_41' title='bbox 719 520 787 545; x_wconf 92' lang='lat' dir='ltr'>me</span> <span class='ocrx_word' id='word_1_42' title='bbox 804 510 847 545; x_wconf 90' lang='lat' dir='ltr'>in</span> <span class='ocrx_word' id='word_1_43' title='bbox 865 513 909 546; x_wconf 87' lang='lat' dir='ltr'>te</span> <span class='ocrx_word' id='word_1_44' title='bbox 927 507 1115 558; x_wconf 82' lang='lat' dir='ltr'>profecta</span> <span class='ocrx_word' id='word_1_45' title='bbox 1132 513 1243 554; x_wconf 90' lang='lat' dir='ltr'>sunt,</span> <span class='ocrx_word' id='word_1_46' title='bbox 1259 510 1367 559; x_wconf 73' lang='lat' dir='ltr'>quae</span> 
     </span>
     <span class='ocr_line' id='line_1_8' title="bbox 159 562 1367 617; baseline 0.001 -16"><span class='ocrx_word' id='word_1_47' title='bbox 159 563 212 601; x_wconf 84' lang='lat' dir='ltr'>ad</span> <span class='ocrx_word' id='word_1_48' title='bbox 244 569 363 602; x_wconf 91' lang='lat' dir='ltr'>tuum</span> <span class='ocrx_word' id='word_1_49' title='bbox 397 564 671 611; x_wconf 86' lang='lat' dir='ltr'>commodum,</span> <span class='ocrx_word' id='word_1_50' title='bbox 704 578 811 616; x_wconf 85' lang='lat' dir='ltr'>quae</span> <span class='ocrx_word' id='word_1_51' title='bbox 845 564 899 603; x_wconf 90' lang='lat' dir='ltr'>ad</span> <span class='ocrx_word' id='word_1_52' title='bbox 930 565 1142 611; x_wconf 89' lang='lat' dir='ltr'>honorem,</span> <span class='ocrx_word' id='word_1_53' title='bbox 1174 577 1282 617; x_wconf 87' lang='lat' dir='ltr'>quae</span> <span class='ocrx_word' id='word_1_54' title='bbox 1314 562 1367 602; x_wconf 89' lang='lat' dir='ltr'>ad</span> 
     </span>
     <span class='ocr_line' id='line_1_9' title="bbox 158 619 1366 671; baseline 0.002 -14"><span class='ocrx_word' id='word_1_55' title='bbox 158 619 407 671; x_wconf 87' lang='lat' dir='ltr'>dignitatem</span> <span class='ocrx_word' id='word_1_56' title='bbox 433 624 705 671; x_wconf 78' lang='lat' dir='ltr'>pertinerent.</span> <span class='ocrx_word' id='word_1_57' title='bbox 760 621 838 660; x_wconf 91' lang='lat' dir='ltr'>Pro</span> <span class='ocrx_word' id='word_1_58' title='bbox 864 625 912 660; x_wconf 89' lang='lat' dir='ltr'>iis</span> <span class='ocrx_word' id='word_1_59' title='bbox 939 623 1062 661; x_wconf 88' lang='lat' dir='ltr'>rebus</span> <span class='ocrx_word' id='word_1_60' title='bbox 1088 621 1243 661; x_wconf 87' lang='lat' dir='ltr'>nullam</span> <span class='ocrx_word' id='word_1_61' title='bbox 1261 619 1366 661; x_wconf 80' lang='lat' dir='ltr'>&#39;mihi</span> 
     </span>
     <span class='ocr_line' id='line_1_10' title="bbox 159 677 1365 731; baseline 0.001 -16"><span class='ocrx_word' id='word_1_62' title='bbox 159 677 232 715; x_wconf 91' lang='lat' dir='ltr'>abs</span> <span class='ocrx_word' id='word_1_63' title='bbox 259 684 303 716; x_wconf 90' lang='lat' dir='ltr'>te</span> <span class='ocrx_word' id='word_1_64' title='bbox 330 678 505 716; x_wconf 80' lang='lat' dir='ltr'>relatam</span> <span class='ocrx_word' id='word_1_65' title='bbox 533 691 622 717; x_wconf 90' lang='lat' dir='ltr'>esse</span> <span class='ocrx_word' id='word_1_66' title='bbox 649 682 841 730; x_wconf 84' lang='lat' dir='ltr'>gratiam,</span> <span class='ocrx_word' id='word_1_67' title='bbox 868 685 916 717; x_wconf 94' lang='lat' dir='ltr'>tu</span> <span class='ocrx_word' id='word_1_68' title='bbox 944 693 987 718; x_wconf 92' lang='lat' dir='ltr'>es</span> <span class='ocrx_word' id='word_1_69' title='bbox 1015 682 1198 731; x_wconf 85' lang='lat' dir='ltr'>optimus</span> <span class='ocrx_word' id='word_1_70' title='bbox 1221 679 1365 729; x_wconf 71' lang='lat' dir='ltr'>testisi</span> 
     </span>
     <span class='ocr_line' id='line_1_11' title="bbox 158 732 1368 786; baseline 0.002 -15"><span class='ocrx_word' id='word_1_71' title='bbox 158 739 302 772; x_wconf 86' lang='lat' dir='ltr'>contra</span> <span class='ocrx_word' id='word_1_72' title='bbox 319 737 447 772; x_wconf 88' lang='lat' dir='ltr'>etiam</span> <span class='ocrx_word' id='word_1_73' title='bbox 465 748 554 773; x_wconf 89' lang='lat' dir='ltr'>esse</span> <span class='ocrx_word' id='word_1_74' title='bbox 572 735 727 786; x_wconf 87' lang='lat' dir='ltr'>aliquid</span> <span class='ocrx_word' id='word_1_75' title='bbox 744 735 816 773; x_wconf 87' lang='lat' dir='ltr'>abs</span> <span class='ocrx_word' id='word_1_76' title='bbox 834 741 878 774; x_wconf 92' lang='lat' dir='ltr'>te</span> <span class='ocrx_word' id='word_1_77' title='bbox 894 735 1142 786; x_wconf 85' lang='lat' dir='ltr'>profectum,</span> <span class='ocrx_word' id='word_1_78' title='bbox 1160 749 1212 774; x_wconf 88' lang='lat' dir='ltr'>ex</span> <span class='ocrx_word' id='word_1_79' title='bbox 1228 732 1368 785; x_wconf 82' lang='lat' dir='ltr'>multis</span> 
     </span>
     <span class='ocr_line' id='line_1_12' title="bbox 160 789 1367 844; baseline 0.002 -16"><span class='ocrx_word' id='word_1_80' title='bbox 160 791 310 829; x_wconf 91' lang='lat' dir='ltr'>audivi.</span> <span class='ocrx_word' id='word_1_81' title='bbox 364 792 470 829; x_wconf 87' lang='lat' dir='ltr'>Nam</span> <span class='ocrx_word' id='word_1_82' title='bbox 499 792 722 844; x_wconf 78' lang='lat' dir='ltr'>comperisse</span> <span class='ocrx_word' id='word_1_83' title='bbox 749 806 831 839; x_wconf 91' lang='lat' dir='ltr'>me,</span> <span class='ocrx_word' id='word_1_84' title='bbox 861 806 943 831; x_wconf 90' lang='lat' dir='ltr'>non</span> <span class='ocrx_word' id='word_1_85' title='bbox 973 793 1106 832; x_wconf 88' lang='lat' dir='ltr'>audeo</span> <span class='ocrx_word' id='word_1_86' title='bbox 1135 793 1286 838; x_wconf 87' lang='lat' dir='ltr'>dicere,</span> <span class='ocrx_word' id='word_1_87' title='bbox 1314 789 1367 836; x_wconf 80' lang='lat' dir='ltr'>ne</span> 
     </span>
     <span class='ocr_line' id='line_1_13' title="bbox 159 847 1366 901; baseline 0.002 -16"><span class='ocrx_word' id='word_1_88' title='bbox 159 847 267 886; x_wconf 87' lang='lat' dir='ltr'>forte</span> <span class='ocrx_word' id='word_1_89' title='bbox 280 848 322 886; x_wconf 94' lang='lat' dir='ltr'>id</span> <span class='ocrx_word' id='word_1_90' title='bbox 336 851 469 898; x_wconf 91' lang='lat' dir='ltr'>ipsum</span> <span class='ocrx_word' id='word_1_91' title='bbox 485 850 656 887; x_wconf 89' lang='lat' dir='ltr'>verbum</span> <span class='ocrx_word' id='word_1_92' title='bbox 670 863 835 899; x_wconf 88' lang='lat' dir='ltr'>ponam,</span> <span class='ocrx_word' id='word_1_93' title='bbox 851 848 961 901; x_wconf 89' lang='lat' dir='ltr'>quod</span> <span class='ocrx_word' id='word_1_94' title='bbox 976 851 1047 888; x_wconf 90' lang='lat' dir='ltr'>abs</span> <span class='ocrx_word' id='word_1_95' title='bbox 1063 855 1107 889; x_wconf 86' lang='lat' dir='ltr'>te</span> <span class='ocrx_word' id='word_1_96' title='bbox 1120 853 1236 889; x_wconf 86' lang='lat' dir='ltr'>aiunt</span> <span class='ocrx_word' id='word_1_97' title='bbox 1250 848 1366 894; x_wconf 53' lang='lat' dir='ltr'>falsoss</span> 
     </span>
     <span class='ocr_line' id='line_1_14' title="bbox 159 905 1368 958; baseline 0.002 -15"><span class='ocrx_word' id='word_1_98' title='bbox 159 907 202 943; x_wconf 91' lang='lat' dir='ltr'>in</span> <span class='ocrx_word' id='word_1_99' title='bbox 213 919 280 943; x_wconf 91' lang='lat' dir='ltr'>me</span> <span class='ocrx_word' id='word_1_100' title='bbox 293 905 423 944; x_wconf 89' lang='lat' dir='ltr'>solere</span> <span class='ocrx_word' id='word_1_101' title='bbox 435 905 623 944; x_wconf 89' lang='lat' dir='ltr'>conferri.</span> <span class='ocrx_word' id='word_1_102' title='bbox 662 906 745 945; x_wconf 89' lang='lat' dir='ltr'>Sed</span> <span class='ocrx_word' id='word_1_103' title='bbox 760 920 823 953; x_wconf 89' lang='lat' dir='ltr'>ea,</span> <span class='ocrx_word' id='word_1_104' title='bbox 836 906 942 958; x_wconf 88' lang='lat' dir='ltr'>quae</span> <span class='ocrx_word' id='word_1_105' title='bbox 958 907 1011 945; x_wconf 90' lang='lat' dir='ltr'>ad</span> <span class='ocrx_word' id='word_1_106' title='bbox 1022 921 1090 945; x_wconf 90' lang='lat' dir='ltr'>me</span> <span class='ocrx_word' id='word_1_107' title='bbox 1105 907 1245 946; x_wconf 86' lang='lat' dir='ltr'>delata</span> <span class='ocrx_word' id='word_1_108' title='bbox 1258 911 1368 958; x_wconf 75' lang='lat' dir='ltr'>sunt,</span> 
     </span>
     <span class='ocr_line' id='line_1_15' title="bbox 160 959 1368 1013; baseline 0.002 -14"><span class='ocrx_word' id='word_1_109' title='bbox 160 961 267 999; x_wconf 86' lang='lat' dir='ltr'>malo</span> <span class='ocrx_word' id='word_1_110' title='bbox 284 967 328 1000; x_wconf 88' lang='lat' dir='ltr'>te</span> <span class='ocrx_word' id='word_1_111' title='bbox 346 975 397 1000; x_wconf 87' lang='lat' dir='ltr'>ex</span> <span class='ocrx_word' id='word_1_112' title='bbox 415 962 653 1013; x_wconf 91' lang='lat' dir='ltr'>Pomponio,</span> <span class='ocrx_word' id='word_1_113' title='bbox 669 965 734 1001; x_wconf 91' lang='lat' dir='ltr'>cui</span> <span class='ocrx_word' id='word_1_114' title='bbox 750 977 832 1001; x_wconf 92' lang='lat' dir='ltr'>non</span> <span class='ocrx_word' id='word_1_115' title='bbox 847 966 981 1002; x_wconf 91' lang='lat' dir='ltr'>minus</span> <span class='ocrx_word' id='word_1_116' title='bbox 996 959 1172 1002; x_wconf 86' lang='lat' dir='ltr'>molesta</span> <span class='ocrx_word' id='word_1_117' title='bbox 1185 962 1368 1009; x_wconf 86' lang='lat' dir='ltr'>fuerunt,</span> 
     </span>
     <span class='ocr_line' id='line_1_16' title="bbox 161 1019 1368 1072; baseline 0.002 -16"><span class='ocrx_word' id='word_1_118' title='bbox 161 1031 286 1070; x_wconf 90' lang='lat' dir='ltr'>quam</span> <span class='ocrx_word' id='word_1_119' title='bbox 312 1032 363 1056; x_wconf 84' lang='lat' dir='ltr'>ex</span> <span class='ocrx_word' id='word_1_120' title='bbox 388 1022 490 1058; x_wconf 89' lang='lat' dir='ltr'>meis</span> <span class='ocrx_word' id='word_1_121' title='bbox 514 1019 663 1058; x_wconf 89' lang='lat' dir='ltr'>litteris</span> <span class='ocrx_word' id='word_1_122' title='bbox 687 1033 948 1072; x_wconf 86' lang='lat' dir='ltr'>cognoscere.</span> <span class='ocrx_word' id='word_1_123' title='bbox 1002 1019 1125 1059; x_wconf 92' lang='lat' dir='ltr'>Meus</span> <span class='ocrx_word' id='word_1_124' title='bbox 1148 1023 1192 1059; x_wconf 90' lang='lat' dir='ltr'>in</span> <span class='ocrx_word' id='word_1_125' title='bbox 1215 1026 1260 1059; x_wconf 86' lang='lat' dir='ltr'>te</span> <span class='ocrx_word' id='word_1_126' title='bbox 1284 1022 1368 1059; x_wconf 86' lang='lat' dir='ltr'>ani-</span> 
     </span>
     <span class='ocr_line' id='line_1_17' title="bbox 161 1077 1369 1129; baseline 0.003 -16"><span class='ocrx_word' id='word_1_127' title='bbox 161 1089 251 1114; x_wconf 90' lang='lat' dir='ltr'>mus</span> <span class='ocrx_word' id='word_1_128' title='bbox 271 1090 396 1127; x_wconf 86' lang='lat' dir='ltr'>quam</span> <span class='ocrx_word' id='word_1_129' title='bbox 413 1077 607 1128; x_wconf 87' lang='lat' dir='ltr'>singulari</span> <span class='ocrx_word' id='word_1_130' title='bbox 625 1078 754 1116; x_wconf 90' lang='lat' dir='ltr'>officio</span> <span class='ocrx_word' id='word_1_131' title='bbox 770 1077 910 1124; x_wconf 85' lang='lat' dir='ltr'>fuerit,</span> <span class='ocrx_word' id='word_1_132' title='bbox 928 1084 972 1116; x_wconf 89' lang='lat' dir='ltr'>et</span> <span class='ocrx_word' id='word_1_133' title='bbox 991 1084 1160 1118; x_wconf 84' lang='lat' dir='ltr'>senatus</span> <span class='ocrx_word' id='word_1_134' title='bbox 1178 1084 1223 1117; x_wconf 88' lang='lat' dir='ltr'>et</span> <span class='ocrx_word' id='word_1_135' title='bbox 1240 1091 1369 1129; x_wconf 49' lang='lat' dir='ltr'>popu*</span> 
     </span>
     <span class='ocr_line' id='line_1_18' title="bbox 160 1132 1367 1187; baseline 0.004 -17"><span class='ocrx_word' id='word_1_136' title='bbox 160 1132 222 1171; x_wconf 94' lang='lat' dir='ltr'>lus</span> <span class='ocrx_word' id='word_1_137' title='bbox 252 1132 459 1172; x_wconf 89' lang='lat' dir='ltr'>Romanus</span> <span class='ocrx_word' id='word_1_138' title='bbox 488 1137 608 1172; x_wconf 85' lang='lat' dir='ltr'>testis</span> <span class='ocrx_word' id='word_1_139' title='bbox 637 1140 730 1180; x_wconf 80' lang='lat' dir='ltr'>est3</span> <span class='ocrx_word' id='word_1_140' title='bbox 773 1141 821 1173; x_wconf 88' lang='lat' dir='ltr'>tu</span> <span class='ocrx_word' id='word_1_141' title='bbox 849 1148 974 1186; x_wconf 87' lang='lat' dir='ltr'>quam</span> <span class='ocrx_word' id='word_1_142' title='bbox 1001 1141 1146 1187; x_wconf 86' lang='lat' dir='ltr'>gratus</span> <span class='ocrx_word' id='word_1_143' title='bbox 1174 1149 1274 1187; x_wconf 82' lang='lat' dir='ltr'>erga</span> <span class='ocrx_word' id='word_1_144' title='bbox 1300 1146 1367 1175; x_wconf 87' lang='lat' dir='ltr'>me</span> 
     </span>
     <span class='ocr_line' id='line_1_19' title="bbox 161 1189 1368 1244; baseline 0.003 -17"><span class='ocrx_word' id='word_1_145' title='bbox 161 1189 300 1236; x_wconf 88' lang='lat' dir='ltr'>fueris,</span> <span class='ocrx_word' id='word_1_146' title='bbox 319 1193 406 1242; x_wconf 90' lang='lat' dir='ltr'>ipse</span> <span class='ocrx_word' id='word_1_147' title='bbox 427 1193 662 1229; x_wconf 82' lang='lat' dir='ltr'>existimare</span> <span class='ocrx_word' id='word_1_148' title='bbox 681 1197 800 1242; x_wconf 86' lang='lat' dir='ltr'>potes</span> <span class='ocrx_word' id='word_1_149' title='bbox 819 1204 829 1237; x_wconf 83' lang='lat'><em>3</em></span> <span class='ocrx_word' id='word_1_150' title='bbox 863 1198 1065 1244; x_wconf 91' lang='lat' dir='ltr'>quantum</span> <span class='ocrx_word' id='word_1_151' title='bbox 1083 1191 1183 1231; x_wconf 81' lang='lat' dir='ltr'>mihi</span> <span class='ocrx_word' id='word_1_152' title='bbox 1201 1192 1368 1238; x_wconf 61' lang='lat' dir='ltr'>debeam,</span> 
     </span>
     <span class='ocr_line' id='line_1_20' title="bbox 162 1247 1368 1300; baseline 0.002 -16"><span class='ocrx_word' id='word_1_153' title='bbox 162 1250 290 1284; x_wconf 87' lang='lat' dir='ltr'>ceteri</span> <span class='ocrx_word' id='word_1_154' title='bbox 314 1248 586 1285; x_wconf 86' lang='lat' dir='ltr'>existiment.2</span> <span class='ocrx_word' id='word_1_155' title='bbox 639 1248 728 1299; x_wconf 88' lang='lat' dir='ltr'>Ego</span> <span class='ocrx_word' id='word_1_156' title='bbox 753 1261 859 1300; x_wconf 91' lang='lat' dir='ltr'>quae</span> <span class='ocrx_word' id='word_1_157' title='bbox 884 1254 958 1287; x_wconf 86' lang='lat' dir='ltr'>tua</span> <span class='ocrx_word' id='word_1_158' title='bbox 981 1262 1104 1287; x_wconf 85' lang='lat' dir='ltr'>causa</span> <span class='ocrx_word' id='word_1_159' title='bbox 1127 1254 1253 1287; x_wconf 85' lang='lat' dir='ltr'>antea</span> <span class='ocrx_word' id='word_1_160' title='bbox 1274 1247 1368 1294; x_wconf 88' lang='lat' dir='ltr'>feci,</span> 
     </span>
     <span class='ocr_line' id='line_1_21' title="bbox 162 1303 1369 1357; baseline 0.002 -15"><span class='ocrx_word' id='word_1_161' title='bbox 162 1303 376 1342; x_wconf 90' lang='lat' dir='ltr'>voluntate</span> <span class='ocrx_word' id='word_1_162' title='bbox 399 1318 489 1342; x_wconf 91' lang='lat' dir='ltr'>sum</span> <span class='ocrx_word' id='word_1_163' title='bbox 514 1305 716 1344; x_wconf 90' lang='lat' dir='ltr'>adductus</span> <span class='ocrx_word' id='word_1_164' title='bbox 738 1311 967 1357; x_wconf 85' lang='lat' dir='ltr'>posteaque</span> <span class='ocrx_word' id='word_1_165' title='bbox 990 1308 1236 1344; x_wconf 83' lang='lat' dir='ltr'>constantia.</span> <span class='ocrx_word' id='word_1_166' title='bbox 1287 1304 1369 1344; x_wconf 90' lang='lat' dir='ltr'>Sed</span> 
     </span>
     <span class='ocr_line' id='line_1_22' title="bbox 162 1360 1368 1412; baseline 0.002 -14"><span class='ocrx_word' id='word_1_167' title='bbox 162 1360 334 1412; x_wconf 86' lang='lat' dir='ltr'>reliqua,</span> <span class='ocrx_word' id='word_1_168' title='bbox 370 1361 469 1399; x_wconf 92' lang='lat' dir='ltr'>mihi</span> <span class='ocrx_word' id='word_1_169' title='bbox 506 1362 642 1408; x_wconf 91' lang='lat' dir='ltr'>crede,</span> <span class='ocrx_word' id='word_1_170' title='bbox 678 1362 809 1400; x_wconf 85' lang='lat' dir='ltr'>multo</span> <span class='ocrx_word' id='word_1_171' title='bbox 845 1365 976 1401; x_wconf 88' lang='lat' dir='ltr'>maius</span> <span class='ocrx_word' id='word_1_172' title='bbox 1012 1376 1152 1401; x_wconf 91' lang='lat' dir='ltr'>meum</span> <span class='ocrx_word' id='word_1_173' title='bbox 1187 1362 1368 1401; x_wconf 85' lang='lat' dir='ltr'>studium</span> 
     </span>
     <span class='ocr_line' id='line_1_23' title="bbox 162 1419 1367 1470; baseline 0.002 -15"><span class='ocrx_word' id='word_1_174' title='bbox 162 1420 441 1469; x_wconf 88' lang='lat' dir='ltr'>maioremque</span> <span class='ocrx_word' id='word_1_175' title='bbox 455 1422 704 1470; x_wconf 84' lang='lat' dir='ltr'>gravitatem</span> <span class='ocrx_word' id='word_1_176' title='bbox 719 1425 763 1457; x_wconf 89' lang='lat' dir='ltr'>et</span> <span class='ocrx_word' id='word_1_177' title='bbox 775 1419 958 1457; x_wconf 89' lang='lat' dir='ltr'>laborem</span> <span class='ocrx_word' id='word_1_178' title='bbox 973 1419 1224 1458; x_wconf 88' lang='lat' dir='ltr'>desiderant.</span> <span class='ocrx_word' id='word_1_179' title='bbox 1250 1419 1367 1468; x_wconf 86' lang='lat' dir='ltr'>Quae</span> 
     </span>
     <span class='ocr_line' id='line_1_24' title="bbox 165 1475 1367 1527; baseline 0.002 -15"><span class='ocrx_word' id='word_1_180' title='bbox 165 1488 243 1526; x_wconf 88' lang='lat' dir='ltr'>ego</span> <span class='ocrx_word' id='word_1_181' title='bbox 268 1478 299 1513; x_wconf 91' lang='lat' dir='ltr'>si</span> <span class='ocrx_word' id='word_1_182' title='bbox 325 1489 406 1513; x_wconf 90' lang='lat' dir='ltr'>non</span> <span class='ocrx_word' id='word_1_183' title='bbox 430 1475 678 1526; x_wconf 90' lang='lat' dir='ltr'>profundere</span> <span class='ocrx_word' id='word_1_184' title='bbox 704 1490 750 1515; x_wconf 90' lang='lat' dir='ltr'>ac</span> <span class='ocrx_word' id='word_1_185' title='bbox 774 1476 948 1527; x_wconf 88' lang='lat' dir='ltr'>perdere</span> <span class='ocrx_word' id='word_1_186' title='bbox 972 1477 1155 1523; x_wconf 87' lang='lat' dir='ltr'>videbor,</span> <span class='ocrx_word' id='word_1_187' title='bbox 1180 1477 1367 1515; x_wconf 90' lang='lat' dir='ltr'>omnibus</span> 
     </span>
     <span class='ocr_line' id='line_1_25' title="bbox 162 1532 1369 1585; baseline 0.002 -16"><span class='ocrx_word' id='word_1_188' title='bbox 162 1533 265 1570; x_wconf 88' lang='lat' dir='ltr'>meis</span> <span class='ocrx_word' id='word_1_189' title='bbox 287 1532 438 1570; x_wconf 90' lang='lat' dir='ltr'>viribus</span> <span class='ocrx_word' id='word_1_190' title='bbox 459 1533 699 1578; x_wconf 88' lang='lat' dir='ltr'>sustinebo,</span> <span class='ocrx_word' id='word_1_191' title='bbox 689 1545 699 1554; x_wconf 91' lang='lat'><strong>·</strong></span> <span class='ocrx_word' id='word_1_192' title='bbox 735 1536 797 1572; x_wconf 88' lang='lat' dir='ltr'>sin</span> <span class='ocrx_word' id='word_1_193' title='bbox 820 1540 961 1571; x_wconf 87' lang='lat' dir='ltr'>autem</span> <span class='ocrx_word' id='word_1_194' title='bbox 982 1536 1147 1585; x_wconf 84' lang='lat' dir='ltr'>ingrata</span> <span class='ocrx_word' id='word_1_195' title='bbox 1167 1546 1257 1573; x_wconf 87' lang='lat' dir='ltr'>esse</span> <span class='ocrx_word' id='word_1_196' title='bbox 1277 1545 1369 1572; x_wconf 90' lang='lat' dir='ltr'>sen-</span> 
     </span>
    </p>
   </div>
   <div class='ocr_carea' id='block_1_3' title="bbox 378 1625 1160 1712">
    <p class='ocr_par' dir='ltr' id='par_1_3' title="bbox 378 1625 1149 1712">
     <span class='ocr_line' id='line_1_26' title="bbox 395 1625 1141 1669; baseline 0.003 -12"><span class='ocrx_word' id='word_1_197' title='bbox 395 1625 408 1644; x_wconf 87' lang='lat'>¹</span> <span class='ocrx_word' id='word_1_198' title='bbox 434 1625 524 1658; x_wconf 89' lang='lat' dir='ltr'>falso</span> <span class='ocrx_word' id='word_1_199' title='bbox 541 1626 640 1658; x_wconf 85' lang='lat' dir='ltr'>codd.</span> <span class='ocrx_word' id='word_1_200' title='bbox 657 1639 665 1647; x_wconf 93' lang='grc'><em>·</em></span> <span class='ocrx_word' id='word_1_201' title='bbox 691 1625 781 1659; x_wconf 85' lang='lat' dir='ltr'>salse</span> <span class='ocrx_word' id='word_1_202' title='bbox 801 1625 980 1668; x_wconf 67' lang='lat' dir='ltr'>Mar-tyni·</span> <span class='ocrx_word' id='word_1_203' title='bbox 981 1625 1141 1669; x_wconf 75' lang='lat' dir='ltr'>Laquna.</span> 
     </span>
     <span class='ocr_line' id='line_1_27' title="bbox 378 1668 1160 1712; baseline 0.003 -11"><span class='ocrx_word' id='word_1_204' title='bbox 378 1668 392 1688; x_wconf 81' lang='lat'>²</span> <span class='ocrx_word' id='word_1_205' title='bbox 418 1669 485 1702; x_wconf 69' lang='lat' dir='ltr'>The</span> <span class='ocrx_word' id='word_1_206' title='bbox 502 1668 720 1712; x_wconf 79' lang='lat' dir='ltr'>Neapolitan</span> <span class='ocrx_word' id='word_1_207' title='bbox 737 1670 815 1704; x_wconf 85' lang='lat' dir='ltr'>ed..</span> <span class='ocrx_word' id='word_1_208' title='bbox 841 1671 1044 1703; x_wconf 81' lang='lat' dir='ltr'>existimant</span> <span class='ocrx_word' id='word_1_209' title='bbox 1060 1670 1160 1704; x_wconf 86' lang='lat' dir='ltr'>codd.</span> 
     </span>
    </p>
   </div>
   <div class='ocr_carea' id='block_1_4' title="bbox 166 1806 1368 2057">
    <p class='ocr_par' dir='ltr' id='par_1_4' title="bbox 166 1806 1367 1893">
     <span class='ocr_line' id='line_1_28' title="bbox 213 1806 1367 1849; baseline 0.003 -10"><span class='ocrx_word' id='word_1_210' title='bbox 213 1811 229 1828; x_wconf 78' lang='lat'><em>⁶</em></span> <span class='ocrx_word' id='word_1_211' title='bbox 251 1818 304 1849; x_wconf 77' lang='lat' dir='ltr'>e.q</span> <span class='ocrx_word' id='word_1_212' title='bbox 307 1806 501 1840; x_wconf 78' lang='lat' dir='ltr'>‚Cicero&#39;s</span> <span class='ocrx_word' id='word_1_213' title='bbox 528 1808 747 1849; x_wconf 85' lang='lat' dir='ltr'>resignation</span> <span class='ocrx_word' id='word_1_214' title='bbox 778 1807 818 1840; x_wconf 84' lang='lat' dir='ltr'>of</span> <span class='ocrx_word' id='word_1_215' title='bbox 849 1806 1064 1841; x_wconf 84' lang='lat' dir='ltr'>Macedonia</span> <span class='ocrx_word' id='word_1_216' title='bbox 1092 1809 1128 1842; x_wconf 92' lang='lat' dir='ltr'>in</span> <span class='ocrx_word' id='word_1_217' title='bbox 1157 1808 1367 1843; x_wconf 72' lang='lat' dir='ltr'>Antonius’s</span> 
     </span>
     <span class='ocr_line' id='line_1_29' title="bbox 166 1818 977 1893; baseline 0 -10"><span class='ocrx_word' id='word_1_218' title='bbox 166 1818 306 1889; x_wconf 79' lang='lat' dir='ltr'>favour,</span> <span class='ocrx_word' id='word_1_219' title='bbox 324 1849 527 1883; x_wconf 85' lang='lat' dir='ltr'>mentioned</span> <span class='ocrx_word' id='word_1_220' title='bbox 546 1852 581 1883; x_wconf 90' lang='lat' dir='ltr'>in</span> <span class='ocrx_word' id='word_1_221' title='bbox 597 1850 657 1883; x_wconf 87' lang='lat' dir='ltr'>the</span> <span class='ocrx_word' id='word_1_222' title='bbox 673 1850 868 1893; x_wconf 81' lang='lat' dir='ltr'>preceding</span> <span class='ocrx_word' id='word_1_223' title='bbox 883 1854 977 1884; x_wconf 89' lang='lat' dir='ltr'>note.</span> 
     </span>
    </p>

    <p class='ocr_par' dir='ltr' id='par_1_5' title="bbox 167 1893 1368 2057">
     <span class='ocr_line' id='line_1_30' title="bbox 214 1893 1367 1937; baseline 0.003 -11"><span class='ocrx_word' id='word_1_224' title='bbox 214 1894 228 1915; x_wconf 59' lang='grc' dir='ltr'><strong>ὓ</strong></span> <span class='ocrx_word' id='word_1_225' title='bbox 252 1893 375 1927; x_wconf 87' lang='lat' dir='ltr'>Cicero</span> <span class='ocrx_word' id='word_1_226' title='bbox 398 1905 471 1927; x_wconf 84' lang='lat' dir='ltr'>was</span> <span class='ocrx_word' id='word_1_227' title='bbox 494 1893 631 1926; x_wconf 83' lang='lat' dir='ltr'>twitted</span> <span class='ocrx_word' id='word_1_228' title='bbox 654 1894 704 1936; x_wconf 92' lang='lat' dir='ltr'>by</span> <span class='ocrx_word' id='word_1_229' title='bbox 727 1894 782 1927; x_wconf 89' lang='lat' dir='ltr'>his</span> <span class='ocrx_word' id='word_1_230' title='bbox 805 1896 972 1933; x_wconf 89' lang='lat' dir='ltr'>enemies,</span> <span class='ocrx_word' id='word_1_231' title='bbox 995 1893 1187 1937; x_wconf 81' lang='lat' dir='ltr'>especially</span> <span class='ocrx_word' id='word_1_232' title='bbox 1209 1893 1367 1934; x_wconf 81' lang='lat' dir='ltr'>Clodius,</span> 
     </span>
     <span class='ocr_line' id='line_1_31' title="bbox 167 1937 1367 1980; baseline 0.003 -11"><span class='ocrx_word' id='word_1_233' title='bbox 167 1937 251 1970; x_wconf 85' lang='lat' dir='ltr'>with</span> <span class='ocrx_word' id='word_1_234' title='bbox 272 1937 326 1970; x_wconf 88' lang='lat' dir='ltr'>his</span> <span class='ocrx_word' id='word_1_235' title='bbox 343 1940 403 1970; x_wconf 86' lang='lat' dir='ltr'>too</span> <span class='ocrx_word' id='word_1_236' title='bbox 423 1937 590 1980; x_wconf 88' lang='lat' dir='ltr'>frequent</span> <span class='ocrx_word' id='word_1_237' title='bbox 606 1948 668 1970; x_wconf 89' lang='lat' dir='ltr'>use</span> <span class='ocrx_word' id='word_1_238' title='bbox 686 1937 726 1970; x_wconf 84' lang='lat' dir='ltr'>of</span> <span class='ocrx_word' id='word_1_239' title='bbox 739 1938 800 1970; x_wconf 88' lang='lat' dir='ltr'>the</span> <span class='ocrx_word' id='word_1_240' title='bbox 815 1937 913 1970; x_wconf 89' lang='lat' dir='ltr'>word</span> <span class='ocrx_word' id='word_1_241' title='bbox 934 1938 1098 1979; x_wconf 71' lang='lat' dir='ltr'>comperi,</span> <span class='ocrx_word' id='word_1_242' title='bbox 1118 1938 1152 1970; x_wconf 90' lang='lat' dir='ltr'>in</span> <span class='ocrx_word' id='word_1_243' title='bbox 1169 1940 1367 1972; x_wconf 78' lang='lat' dir='ltr'>connexion</span> 
     </span>
     <span class='ocr_line' id='line_1_32' title="bbox 167 1980 1368 2057; baseline 0.002 -44"><span class='ocrx_word' id='word_1_244' title='bbox 167 1980 252 2057; x_wconf 47' lang='lat' dir='ltr'>{vitii</span> <span class='ocrx_word' id='word_1_245' title='bbox 269 1981 330 2057; x_wconf 56' lang='lat' dir='ltr'>fide</span> <span class='ocrx_word' id='word_1_246' title='bbox 346 1980 580 2014; x_wconf 82' lang='lat' dir='ltr'>Catilinarian</span> <span class='ocrx_word' id='word_1_247' title='bbox 595 1982 819 2023; x_wconf 86' lang='lat' dir='ltr'>conspiracy,</span> <span class='ocrx_word' id='word_1_248' title='bbox 831 1980 934 2014; x_wconf 87' lang='lat' dir='ltr'>when</span> <span class='ocrx_word' id='word_1_249' title='bbox 951 1980 995 2014; x_wconf 90' lang='lat' dir='ltr'>he</span> <span class='ocrx_word' id='word_1_250' title='bbox 1010 1980 1150 2014; x_wconf 82' lang='lat' dir='ltr'>refused</span> <span class='ocrx_word' id='word_1_251' title='bbox 1165 1984 1203 2015; x_wconf 86' lang='lat' dir='ltr'>to</span> <span class='ocrx_word' id='word_1_252' title='bbox 1217 1981 1368 2016; x_wconf 76' lang='lat' dir='ltr'>disclose</span> 
     </span>
    </p>

    <p class='ocr_par' dir='ltr' id='par_1_6' title="bbox 194 2034 416 2057">
     <span class='ocr_line' id='line_1_33' title="bbox 194 2034 416 2057; baseline 0 0"><span class='ocrx_word' id='word_1_253' title='bbox 194 2034 222 2057; x_wconf 83' lang='lat' dir='ltr'>is</span> <span class='ocrx_word' id='word_1_254' title='bbox 238 2035 292 2057; x_wconf 80' lang='lat' dir='ltr'>evi</span> <span class='ocrx_word' id='word_1_255' title='bbox 321 2034 416 2057; x_wconf 87' lang='lat' dir='ltr'>enee.</span> 
     </span>
    </p>
   </div>
   <div class='ocr_carea' id='block_1_5' title="bbox 172 2080 251 2114">
    <p class='ocr_par' dir='ltr' id='par_1_7' title="bbox 172 2080 251 2114">
     <span class='ocr_line' id='line_1_34' title="bbox 172 2080 251 2114; baseline 0 0"><span class='ocrx_word' id='word_1_256' title='bbox 172 2080 251 2114; x_wconf 82' lang='lat'>340</span> 
     </span>
    </p>
   </div>
  </div>
 </body>
</html>
