1442 2392
101 1832 143 1864 10

657 100 861 141 CICERO

156 206 411 259 impetrare),
425 219 548 258 cogar
562 191 735 245 fortasse
750 205 902 252 facere,
916 206 1028 257 quod
1041 206 1224 246 nonnulli
1237 206 1371 258 saepess

158 280 762 332 reprehenderunt—scribam
794 282 882 331 ipse
915 279 967 318 de
999 279 1365 319 me—multorum·

159 361 303 394 tamen
325 353 514 405 exemplo
538 359 583 392 et
604 353 804 392 clarorum
826 356 1017 392 virorum.
1069 353 1165 400 Sed,
1188 353 1300 406 quod
1318 359 1364 394 te

160 442 242 467 non
265 427 388 480 fugit,
411 427 513 466 haec
537 433 634 466 sunt
661 429 703 466 in
730 427 807 466 hoc
830 440 984 479 genere
1007 429 1121 466 vitia.
1173 427 1231 466 Et
1252 440 1366 466 vere-

160 502 331 541 cundius
351 504 429 552 ipsi
450 501 503 540 de
525 514 614 540 sese
637 501 817 539 scribant
837 486 1017 540 necesse⁵
1027 506 1105 548 est,
1127 503 1160 540 si
1181 500 1282 553 quid
1302 506 1367 545 est

160 575 426 621 laudandum,
448 581 492 614 et
510 580 790 626 praetereant,
811 577 844 613 si
864 575 964 627 quid
982 574 1368 626 reprehendendum

163 656 241 689 est.
293 649 468 688 Accedit
494 651 636 695 etiam,
662 654 711 687 ut
736 651 868 686 minor
894 651 948 687 sit
974 648 1090 695 fides,
1117 652 1249 687 minor
1275 662 1370 688 auc-

162 726 322 769 toritas,
343 722 463 760 multi
485 722 664 774 denique
685 721 993 772 reprehendant
1015 728 1060 761 et
1080 722 1234 769 dicant,
1255 709 1374 768 vel-eff⁸

163 797 377 836 cundiores
406 809 495 834 esse
518 808 740 847 praecones
759 795 948 834 ludorum
967 799 1264 848 gymnicorum,
1284 798 1369 849 qui,

162 884 257 909 cum
273 872 421 909 ceteris
437 883 605 908 coronas
622 871 892 920 imposuerint
908 870 1128 908 victoribus
1145 864 1369 923 eorumque

163 946 329 983 nomina
362 956 513 995 magna
547 956 646 982 voce
679 945 998 994 pronuntiarint,
1033 956 1126 982 cum
1159 946 1237 995 ipsi
1271 940 1373 994 ante¹

162 1018 352 1056 ludorum
386 1019 621 1054 missionem
656 1029 805 1055 corona
839 1016 1058 1063 donentur,
1094 1016 1218 1056 alium
1252 1031 1371 1069 prae-

164 1104 309 1130 conem
336 1090 575 1136 adhibeant,
601 1103 654 1128 ne
681 1103 755 1128 sua
781 1103 879 1128 voce
906 1092 983 1141 ipsi
1009 1103 1053 1129 se
1080 1093 1254 1130 victores
1280 1104 1370 1131 esse

163 1164 418 1216 praedicent.
472 1163 589 1202 Haec
613 1177 686 1202 nos
713 1166 843 1202 vitare
870 1166 1055 1215 cupimus
1082 1169 1140 1211 et,
1166 1167 1200 1203 si
1224 1167 1372 1217 recipis

165 1252 330 1278 causam
341 1243 538 1283 nostram,
549 1237 769 1275 vitabimus
783 1250 793 1283 ;
815 1237 941 1289 idque
955 1243 1002 1276 ut
1015 1236 1155 1284 facias,
1165 1251 1371 1290 rogamus.

166 1313 228 1351 Ac
249 1325 302 1349 ne
324 1310 432 1350 forte
454 1313 616 1357 mirere,
638 1324 723 1356 cur,
745 1324 838 1349 eum
860 1310 960 1349 mihi
982 1324 1106 1363 saepe
1128 1312 1372 1360 ostenderis,

166 1391 211 1424 te
232 1387 534 1423 accuratissime
555 1389 785 1422 nostrorum
805 1389 1039 1435 temporum
1059 1384 1225 1424 consilia
1243 1391 1371 1438 atque
1431 1407 1434 1410 ⁴

167 1464 340 1498 eventus
354 1458 503 1496 litteris
517 1457 823 1504 mandaturum,
838 1471 863 1495 a
876 1463 921 1496 te
935 1457 979 1496 id
992 1471 1100 1496 nunc
1114 1463 1233 1498 tanto
1247 1472 1372 1510 opere

168 1538 213 1571 et
249 1537 337 1570 tam
373 1530 513 1569 multis
550 1531 684 1569 verbis
715 1536 922 1582 petamus,
955 1530 1024 1569 illa
1060 1544 1134 1570 nos
1170 1532 1373 1584 cupiditas

167 1605 363 1651 incendit,
398 1604 451 1643 de
486 1617 569 1656 qua
601 1606 718 1642 initio
752 1606 906 1655 scripsi,
939 1602 1229 1652 festinationis,
1262 1606 1373 1658 quod

168 1679 321 1718 alacres
342 1681 477 1716 animo
497 1691 636 1716 sumus
654 1690 664 1723 ;
699 1683 747 1716 ut
767 1682 811 1716 et
829 1680 972 1724 ceteri,
992 1678 1222 1718 viventibus
1242 1680 1372 1727 nobis,

169 1766 221 1791 ex
258 1752 369 1790 libris
407 1753 488 1790 tuis
526 1765 599 1790 nos
636 1757 899 1803 cognoscant,
937 1757 981 1790 et
1018 1754 1258 1804 nosmetipsi
1294 1755 1373 1793 vivi

171 1825 338 1877 gloriola
382 1830 523 1863 nostra
565 1824 836 1876 perfruamur.
890 1824 965 1863 His
1010 1825 1063 1863 de
1107 1826 1230 1865 rebus
1274 1827 1374 1878 quid

171 1905 336 1937 acturus
359 1901 427 1944 sis,
451 1900 484 1936 si
506 1898 582 1936 tibi
607 1911 688 1936 non
712 1903 776 1936 est
799 1897 1032 1944 molestum,
1055 1899 1251 1938 rescribas
1274 1899 1373 1938 mihi

172 1972 308 2011 velim.
360 1970 402 2010 Si
443 1974 552 2009 enim
592 1973 759 2022 suscipis
799 1985 978 2019 causam,
1017 1971 1227 2010 conficiam
1266 1961 1374 2014 com-

177 2050 256 2092 376
