1442 2392
667 145 871 185 CICERO

166 262 261 287 eum
278 247 431 287 referre
450 260 461 294 ;
490 249 630 300 ibique
648 262 721 299 pro
738 262 788 287 ea
805 251 935 299 copia,
952 263 1059 300 quae
1075 247 1251 288 Athenis
1267 252 1372 294 erat,

165 302 288 341 funus
310 306 348 341 ei
370 305 468 341 satis
491 303 672 353 amplum
694 302 928 341 faciendum
950 306 1101 342 curavi.
1153 303 1221 341 Ab
1242 301 1371 341 Athe-

166 358 389 403 niensibus,
410 357 545 395 locum
567 357 804 408 sepulturae
828 362 936 395 intra
963 355 1109 396 urbem
1136 365 1185 396 ut
1211 356 1372 402 darent,

166 414 388 462 impetrare
414 425 497 450 non
523 414 655 462 potui,
675 411 786 463 quod
809 411 1006 463 religione
1031 424 1076 450 se
1099 411 1289 462 impediri
1313 409 1372 451 di-

165 472 310 504 cerent
327 478 337 511 ;
366 479 502 517 neque
516 471 659 504 tamen
672 466 715 504 id
730 471 855 504 antea
869 468 1060 517 cuiquam
1073 470 1375 506 concesserant.

167 520 290 568 Quod
307 523 539 571 proximum
558 519 652 566 fuit,
673 523 748 566 uti,
767 523 810 558 in
829 534 911 571 quo
931 520 1127 558 vellemus
1145 521 1374 572 gymnasio,

168 588 263 613 eum
290 575 571 625 sepeliremus,
598 575 714 613 nobis
740 577 1029 625 permiserunt.
1082 574 1166 613 Nos
1192 576 1235 613 in
1260 573 1374 612 nobi—

167 629 319 668 lissimo
349 630 457 667 orbis
487 635 689 667 terrarum
718 631 932 681 gymnasio
951 629 1212 672 Academiae
1240 628 1374 668 locum

169 684 412 735 delegimus,
459 684 599 734 ibique
648 697 742 721 eum
791 684 1100 729 combussimus,
1147 688 1387 734 posteaque

169 740 412 783 curavimus,
426 743 474 776 ut
486 738 612 776 iidem
626 738 902 776 Athenienses
915 740 958 775 in
972 737 1119 776 eodem
1132 737 1221 776 loco
1234 749 1377 775 monu-

170 798 358 831 mentum
372 794 409 830 ei
422 806 696 830 marmoreum
708 791 941 830 faciendum
954 792 1150 830 locarent.
1175 791 1256 837 Ita,
1269 803 1376 842 quae

171 852 310 885 nostra
333 847 463 884 officia
486 846 669 892 fuerunt,
693 859 767 897 pro
791 846 962 898 collegio
987 852 1031 885 et
1054 848 1382 897 propinquitate,

172 907 216 939 et
236 903 326 939 vivo
345 906 390 939 et
408 907 571 940 mortuo
591 904 728 939 omnia
747 903 785 939 ei
804 903 1100 952 praestitimus.
1151 899 1268 939 Vale.
1330 923 1333 928 ·

706 1063 813 1102 XIII

412 1180 459 1207 M.
486 1180 525 1207 T.
552 1181 588 1207 C.
615 1181 647 1206 S.
676 1181 716 1206 D.
744 1181 781 1206 P.
809 1181 968 1206 NIGIDIO
995 1179 1141 1206 noum

592 1271 740 1310 Romae,
758 1282 866 1304 Asty-c.
884 1273 962 1304 ⁷08.

223 1349 451 1397 Quaerenti
485 1348 584 1386 mihi
618 1349 786 1394 iamdiu,
821 1349 920 1399 quid
955 1348 1008 1386 ad
1042 1353 1086 1387 te
1120 1350 1375 1399 potissimum

168 1405 402 1449 scriberem,
431 1417 512 1440 non
541 1403 662 1441 modo
690 1409 804 1441 certa
831 1416 896 1441 res
925 1402 1049 1449 nulla,
1071 1402 1145 1441 sed
1169 1415 1222 1441 ne
1244 1415 1375 1454 genus

168 1459 336 1509 quidem
370 1458 602 1496 litterarum
638 1460 836 1495 usitatum
871 1458 1066 1495 veniebat
1099 1459 1142 1494 in
1175 1462 1374 1495 mentem.

169 1513 306 1551 Unam
327 1515 437 1550 enim
457 1517 619 1562 partem
639 1517 684 1550 et
703 1511 1043 1550 consuetudinem
1064 1524 1206 1549 earum
1225 1513 1376 1562 episto—

168 1567 314 1612 larum,
368 1567 530 1617 quibus,
585 1566 773 1604 secundis
829 1566 966 1611 rebus,
1011 1568 1073 1604 uti
1128 1565 1374 1611 solebamus,

167 1628 332 1672 tempus
362 1623 598 1671 eripuerat;
642 1619 956 1671 perfeceratque
985 1618 1165 1666 fortuna,
1193 1632 1246 1658 ne
1276 1619 1374 1670 quid

217 1705 233 1720 ⁰
257 1699 385 1732 Where
403 1699 505 1731 Plato
521 1698 662 1740 taught,
680 1709 727 1731 on
743 1699 803 1731 the
820 1698 924 1731 north
942 1697 1018 1731 side
1034 1697 1075 1731 of
1087 1697 1238 1731 Athens.

219 1743 232 1762 ¹³
258 1743 315 1775 He
335 1753 408 1775 was
428 1741 649 1780 considered,
671 1744 755 1775 next
774 1740 865 1774 after
886 1741 1013 1780 Varro,
1035 1741 1096 1774 the
1116 1743 1210 1774 most
1229 1739 1373 1774 learned

173 1797 256 1819 man
276 1787 312 1819 in
334 1786 460 1824 Rome,
480 1785 671 1828 especially
690 1786 727 1818 in
747 1784 888 1818 natural
907 1786 1044 1818 science
1062 1783 1135 1817 and
1153 1787 1373 1827 astronomy¹

172 1830 229 1881 He
251 1829 375 1863 sex-ved
398 1828 521 1862 Cicero
543 1828 622 1862 well
643 1831 682 1862 at
693 1829 764 1880 ‚the
785 1830 872 1862 time
894 1827 934 1861 of
949 1828 1014 1880 'the
1035 1827 1269 1880 Catilinarian
1289 1838 1379 1879 (ξομ-ν

171 1884 188 1950 ἶ
212 1872 514 1968 &emt-{⁹23
557 1870 1373 1958 33330132312·thffsseiffiitffiffflsstss

170 1963 321 2036 writtffi.
345 2012 467 2035 means
494 2001 554 2035 the
582 2003 779 2035 “intimate
807 2001 880 2035 and
907 2000 1078 2044 jocular'⁸
1108 2000 1122 2043 (
1123 2000 1314 2044 familiare
1339 2004 1372 2035 d

173 2046 341 2089 iocosum)
355 2046 447 2088 style
463 2045 503 2078 of
515 2046 670 2088 writing,
686 2048 724 2079 to
739 2045 856 2090 which
872 2045 916 2078 he
931 2044 1039 2079 refers
1056 2045 1092 2078 in
1109 2045 1145 2078 ii.
1162 2046 1196 2078 4.
1216 2047 1247 2079 1.

172 2102 252 2137 804
