1442 2392
697 147 900 186 CICERO

195 251 442 302 dignitatem
463 250 801 303 voluntatemque
823 250 1081 297 defenderas,
1102 265 1184 290 non
1205 251 1291 291 tam
1313 266 1397 292 me-

194 320 328 346 mores
369 312 508 345 essent
547 309 707 344 virtutis
747 312 861 352 tuae,
900 320 1024 358 quam
1061 306 1193 345 laudis
1232 309 1397 347 inimici.

195 364 287 412 Quo
323 364 491 415 quidem
526 369 728 413 tempore,
762 368 810 401 ut
844 365 1059 414 perscripsi
1093 363 1147 402 ad
1180 369 1224 402 te
1260 370 1398 411 antea,

194 423 365 473 cognovi
414 420 682 458 Hortensium
729 420 997 471 percupidum
1046 422 1122 466 tui,
1170 421 1398 461 studiosum
1420 449 1422 451 -

195 477 424 523 Lucullum,
455 490 506 515 ex
536 478 844 528 magistratibus
874 482 1015 515 autem
1046 476 1094 516 L.
1125 477 1323 517 Racilium
1353 485 1398 518 et

193 535 274 573 fide
308 539 352 573 et
385 536 520 572 animo
553 533 760 585 singulari.
814 533 920 571 Nam
953 539 1092 572 nostra
1123 537 1398 586 propugnatio

194 604 241 629 ac
271 588 455 629 defensio
486 590 699 641 dignitatis
730 595 843 635 tuae,
873 595 1042 641 propter
1070 591 1398 642 magnitudinem

194 647 368 686 benefici
424 649 500 693 tui,
550 646 723 686 fortasse
780 646 985 698 plerisque
1041 646 1145 685 offici
1200 650 1397 689 maiorem

194 707 484 743 auctoritatem
530 703 683 741 habere
730 703 931 749 videatur,
979 716 1103 755 quam
1149 707 1396 744 sententiae.

141 767 164 801 3
193 761 415 800 Praeterea
447 761 615 811 quidem
647 760 700 799 de
733 760 1009 798 consularibus
1042 762 1196 798 nemini
1229 774 1395 813 possum

191 823 265 856 aut
293 816 404 855 studi
434 829 532 868 erga
556 822 614 862 te,
645 821 718 854 aut
751 816 854 854 offici
893 821 966 854 aut
996 819 1115 855 amici
1143 819 1270 857 animi
1306 831 1395 859 esse

191 876 324 913 testis.
378 873 546 912 Etenim
575 873 830 924 Pompeium,
859 875 929 925 qui
956 886 1118 912 mecum
1145 878 1396 927 saepissime,

190 945 273 970 non
301 930 431 969 solum
460 944 484 968 a
512 944 579 968 me
608 936 865 981 provocatus,
890 930 964 969 sed
992 933 1119 969 etiam
1147 945 1220 970 sua
1248 938 1395 984 sponte

190 988 242 1026 de
272 993 315 1026 te
344 989 642 1026 communicare
672 985 790 1031 solet,
816 989 906 1032 scis,
929 983 1182 1038 temporibus
1209 987 1286 1027 illis
1314 1002 1396 1029 non

190 1057 315 1096 saepe
348 1047 391 1082 in
418 1050 566 1082 senatu
594 1042 733 1082 fuisse.
786 1043 862 1082 Cui
892 1043 1059 1095 quidem
1086 1044 1252 1084 litterae
1282 1051 1395 1093 tuae,

190 1116 292 1154 quas
315 1103 500 1152 proxime
523 1103 706 1146 miseras,
726 1100 837 1151 quod
854 1099 973 1139 facile
996 1101 1285 1148 intellexerim,
1303 1115 1395 1154 per-

187 1159 389 1198 iucundae
410 1157 591 1196 fuerunt.
647 1157 752 1195 Mihi
781 1158 947 1209 quidem
975 1158 1209 1198 humanitas
1237 1165 1310 1199 tua
1329 1160 1395 1201 vel

187 1229 347 1254 summa
385 1217 521 1265 potius
560 1216 762 1265 sapientia
800 1228 882 1252 non
919 1215 1097 1254 iucunda
1134 1216 1279 1262 solum,
1318 1217 1392 1256 sed

187 1275 314 1311 etiam
333 1270 579 1309 admirabilis
598 1273 683 1308 visa
701 1276 778 1309 est.
831 1270 973 1310 Virum
991 1274 1101 1310 enim
1119 1272 1391 1313 excellentem

187 1336 232 1368 et
252 1330 328 1367 tibi
349 1334 423 1367 tua
443 1330 672 1379 praestanti
692 1330 735 1365 in
756 1341 852 1366 eum
871 1328 1120 1368 liberalitate
1141 1329 1391 1378 devinctum,

186 1384 370 1424 nonnihil
394 1386 685 1435 suspicantem,
707 1390 876 1436 propter
904 1385 1130 1436 aliquorum
1158 1388 1390 1438 opinionem

186 1455 284 1480 suae
310 1442 561 1492 cupiditatis,
585 1447 629 1479 te
656 1441 708 1479 ab
734 1454 777 1479 se
804 1442 1096 1489 abalienatum,
1121 1442 1190 1481 illa
1215 1444 1391 1495 epistula

185 1501 405 1538 retinuisti.
459 1498 540 1546 Qui
565 1498 665 1536 mihi
689 1512 782 1536 cum
807 1512 969 1550 semper
992 1505 1090 1538 tuae
1115 1499 1226 1538 laudi
1250 1499 1389 1540 favere

183 1559 290 1594 visus
321 1561 398 1601 est,
423 1557 550 1593 etiam
578 1558 666 1606 ipso
695 1558 1026 1606 suspiciosissimo
1053 1562 1240 1607 tempore
1269 1557 1389 1596 Cani-

184 1616 320 1659 niano,
345 1618 435 1651 tum
465 1625 574 1657 vero,
603 1612 719 1650 lectis
749 1614 830 1650 tuis
864 1612 1027 1658 litteris,
1055 1619 1294 1664 perspectus
1325 1619 1388 1654 est

184 1683 208 1707 a
237 1682 318 1714 me,
347 1674 437 1707 toto
467 1671 602 1706 animo
629 1669 681 1707 de
710 1674 754 1707 te
784 1682 830 1707 ac
859 1669 911 1708 de
945 1672 1026 1708 tuis
1059 1673 1308 1710 ornamentis
1343 1677 1388 1710 et

132 1731 156 1765 4
184 1723 406 1762 commodis
445 1725 641 1774 cogitare.
695 1723 833 1771 Quare
871 1736 935 1769 ea,
967 1737 1073 1775 quae
1111 1724 1298 1771 scribam,
1330 1727 1387 1764 sic

229 1856 244 1871 ‘¹
268 1851 426 1884 Tribune
443 1851 483 1885 of
496 1851 556 1884 the
599 1851 673 1884 lebs
691 1852 728 1884 in
745 1853 788 1884 59
808 1863 872 1884 13.c.

231 1895 244 1914 ὸ
271 1895 312 1927 L.
331 1895 501 1928 Caninius
523 1894 579 1928 Ga
595 1895 660 1934 lus,
677 1895 737 1928 the
753 1895 895 1928 tribune
911 1894 952 1929 of
971 1895 1031 1929 the
1046 1895 1157 1938 plebs,
1180 1895 1384 1930 mentioned

186 1940 222 1972 in
238 1938 307 1980 Ep.
324 1940 345 1970 i.
363 1941 395 1971 2.
418 1942 446 1978 l,
466 1949 488 1971 a
506 1938 623 1972 friend
647 1938 687 1971 of
707 1939 821 1971 Varro
843 1938 915 1971 and
940 1943 1128 1981 supporter
1150 1939 1191 1972 of
1211 1939 1384 1982 Pompey.

186 1982 309 2016 Cicero
324 1981 406 2015 here
417 1982 524 2016 refers
541 1985 577 2015 to
590 1982 650 2015 the
662 1983 748 2016 time
761 1982 862 2015 when
876 1982 1047 2016 Caninius
1060 1982 1215 2025 brought
1229 1982 1382 2018 for-ward

186 2036 209 2059 a
223 2025 285 2059 bill
303 2025 468 2068 (royatio)
483 2025 561 2059 that
577 2025 748 2068 Pompey‚
763 2026 846 2059 with
869 2029 938 2060 two
960 2026 1090 2065 lictors,
1103 2025 1229 2060 should
1251 2031 1384 2062 restore

193 2078 243 2111 28
