1442 2392
666 143 870 183 CICERO

163 262 253 287 cem
283 251 440 295 victori,
469 249 562 287 vide
591 262 644 287 ne
674 250 840 300 superbi
869 252 923 288 sit
952 252 1161 302 aspernari
1190 250 1375 290 eiusdem

163 322 469 369 liberalitatem,
493 328 551 369 et,
574 325 607 362 si
630 325 827 374 sapientis
851 329 929 370 est,
952 337 1091 363 carere
1114 327 1262 375 patria,
1285 323 1375 364 duri

164 409 247 434 non
264 396 498 435 desiderare
512 409 524 443 ;
557 402 614 443 et,
630 399 663 435 si
681 410 726 436 re
743 397 907 448 publica
925 411 1007 436 non
1021 400 1150 449 possis
1167 397 1262 444 frui,
1275 397 1376 437 stul—

164 475 254 508 tum
283 476 360 516 est,
389 469 495 508 nolle
522 473 697 521 privata.
750 470 887 522 Caput
914 477 979 510 est
1004 470 1119 518 illud,
1146 476 1208 518 ut,
1235 473 1269 510 si
1295 473 1376 511 ista

165 545 250 581 vita
266 543 343 582 tibi
360 543 609 582 commodior
625 557 715 582 esse
732 544 935 591 videatur,
951 544 1218 596 cogitandum
1233 550 1376 584 tamen

164 619 232 658 sit,
249 630 301 655 ne
317 620 447 656 tutior
462 631 545 656 non
560 620 627 656 sit.
683 617 841 670 Magna
855 618 1084 670 gladiorum
1101 624 1166 658 est
1180 618 1348 658 licentia
1363 631 1375 666 ς

164 690 239 728 sed
256 693 299 728 in
319 694 500 729 externis
519 691 616 730 loeis
635 694 767 730 minor
787 695 914 730 etiam
933 692 987 731 ad
1004 691 1162 731 facinus
1181 705 1376 732 verecun-

164 764 245 802 dia.
301 764 407 802 Mihi
433 764 540 803 salus
566 771 640 804 tua
665 771 809 804 tantae
835 779 957 804 curae
983 772 1062 812 est,
1088 772 1136 805 ut
1162 765 1374 814 Marcello,

163 836 281 876 fratri
296 844 383 884 tuo,
399 844 473 877 aut
487 852 562 890 par
577 845 651 877 aut
665 845 778 878 certe
793 842 1002 890 proximus
1017 842 1107 878 sim.
1159 839 1294 878 Tuum
1309 845 1375 879 est

162 911 374 950 consulere
395 913 650 964 temporibus
672 919 717 952 et
737 913 1010 952 incolumitati
1032 919 1076 953 et
1097 916 1207 953 vitae
1229 919 1274 953 et
1294 912 1375 954 for-

163 988 274 1024 tunis
294 988 390 1024 tuis.

745 1191 785 1232 X

473 1320 507 1348 Μ
547 1322 586 1348 Τ.
614 1323 649 1348 C.
677 1323 709 1348 S.
738 1323 778 1348 D.
806 1322 852 1349 M.
881 1321 1088 1349 MARCELLO

581 1421 731 1461 Romae,
748 1432 856 1455 A.u.c.
875 1424 954 1455 709.

114 1527 133 1562 1
212 1523 302 1562 Etsi
333 1523 433 1562 nihil
463 1530 553 1562 erat
583 1527 690 1571 novi,
721 1524 832 1576 quod
861 1524 915 1563 ad
945 1530 989 1564 te
1019 1524 1254 1571 scriberem,
1282 1537 1369 1564 ma-

159 1599 304 1648 gisque
323 1597 483 1636 litteras
502 1603 595 1636 tuas
613 1600 696 1635 iam
716 1604 957 1649 exspectare
975 1598 1220 1649 incipiebam
1240 1597 1305 1636 vel
1322 1603 1367 1637 te

159 1673 296 1721 potius
338 1673 487 1721 ipsum,
521 1676 677 1717 tamen,
712 1684 805 1709 cum
846 1670 1095 1722 Theophilus
1141 1671 1368 1722 proficisce-

159 1748 287 1789 retur,
302 1757 384 1781 non
398 1746 514 1794 potui
530 1743 629 1782 nihil
644 1747 682 1782 ei
695 1744 927 1783 litterarum
941 1744 1054 1783 dare.
1107 1743 1215 1783 Cura
1227 1747 1368 1796 igitur,

161 1822 208 1855 ut
234 1830 358 1867 quam
383 1820 560 1868 primurn
586 1820 753 1864 venias3
793 1821 932 1856 venies
958 1821 1081 1864 enim,
1106 1818 1205 1856 mihi
1230 1817 1367 1864 erede,

160 1895 439 1940 exspectatus,
458 1903 593 1942 neque
611 1891 741 1929 solum
761 1892 890 1937 nobis,
908 1891 951 1929 id
970 1897 1034 1930 est
1051 1894 1147 1937 tuis,
1165 1891 1239 1930 sed
1255 1904 1367 1942 pror-

159 1976 227 2001 sus
265 1964 467 2003 omnibus.
520 1963 646 2003 Venit
679 1967 788 2002 enim
825 1964 925 2002 mihi
961 1967 1005 2003 in
1041 1970 1240 2011 mentem,
1272 1964 1366 2003 sub-

111 2040 132 2072 2
162 2038 290 2074 vereri
306 2036 528 2082 interdum,
544 2051 596 2075 ne
613 2043 656 2076 te
671 2037 854 2076 delectet
869 2037 988 2076 tarda
1002 2037 1198 2076 decessio.
1245 2036 1365 2085 Quod

167 2097 245 2140 296
