1442 2392
702 127 905 167 CICERO

768 233 834 272 Xn

514 334 562 362 M.
590 334 732 361 CICERO
760 334 792 360 S.
821 334 861 360 D.
888 333 1091 360 TREBIANO

621 409 770 447 Romae,
788 419 894 442 A.15.c.
913 410 991 442 708.

161 486 187 519 4
256 480 394 519 Antea
419 481 619 517 misissem
644 478 698 517 ad
722 483 766 516 te
791 477 966 523 litteras,
991 479 1024 515 si
1049 490 1180 529 genus
1205 464 1406 524 scribendi

203 553 441 589 invenirem.
495 550 583 588 Tali
607 552 717 587 enim
737 554 925 600 tempore
947 553 1021 586 aut
1042 548 1239 587 consolari
1259 550 1408 587 amico-

202 635 294 659 rum
310 627 374 659 est
388 626 461 658 aut
475 620 668 671 polliceri.
723 619 1010 658 Consolatione
1024 632 1107 657 non
1121 619 1282 665 utebar,
1297 619 1408 670 quod

205 705 257 730 ex
296 692 435 729 multis
477 691 709 737 audiebam,
750 704 875 742 quam
913 689 1078 728 fortiter
1117 692 1407 742 sapienterque

203 762 332 801 serres
357 765 544 800 iniuriam
569 768 816 813 temporum,
841 774 1048 812 quamque
1072 766 1117 799 te
1140 760 1410 800 vehementer

204 834 482 873 consolaretur
499 836 747 871 conscientia
763 832 966 870 factorum
985 837 1029 870 et
1045 831 1302 870 consiliorum
1319 837 1411 871 tuo-

203 919 308 943 rum.
363 904 484 952 Quod
510 904 677 955 quidem
702 906 735 941 si
759 902 874 949 facis,
899 916 1096 954 magnum
1119 901 1300 941 fructum
1324 907 1409 942 stu-

204 976 362 1014 diorum
390 977 638 1027 optimorum
665 977 790 1025 capis,
818 977 861 1012 in
889 974 1036 1025 quibus
1064 979 1110 1012 te
1136 986 1300 1024 semper
1326 960 1414 1013 scio

205 1060 294 1085 esse
310 1052 519 1084 versatum
534 1059 543 1091 ;
574 1046 699 1096 idque
715 1051 762 1083 ut
781 1044 921 1090 facias,
939 1047 1065 1083 etiam
1081 1049 1208 1096 atque
1224 1046 1352 1082 etiam
1364 1049 1410 1084 te

165 1124 186 1156 5
204 1117 356 1156 hortor.
411 1116 539 1155 Simul
557 1122 600 1155 et
616 1116 717 1155 illud
733 1116 823 1162 tibi,
841 1115 995 1154 homini
1011 1117 1257 1166 peritissimo
1273 1128 1411 1155 rerum

205 1194 249 1228 et
273 1188 554 1239 exemplorum
579 1193 622 1226 et
645 1189 775 1225 omnis
798 1188 1032 1232 vetustatis,
1056 1199 1109 1224 ne
1131 1188 1219 1237 ipse
1243 1185 1412 1237 quidem

204 1260 329 1305 rudis,
345 1259 419 1298 sed
433 1261 475 1296 in
490 1259 626 1297 studio
641 1261 775 1296 minus
790 1257 979 1303 fortasse,
994 1270 1119 1309 quam
1133 1256 1295 1303 vellem,
1311 1262 1356 1296 et
1367 1259 1411 1296 in

205 1331 326 1369 rebus
350 1335 477 1381 atque
501 1343 577 1367 usu
599 1329 690 1380 plus
715 1331 856 1374 etiam,
880 1341 1004 1380 quam
1026 1327 1189 1374 vellem,
1211 1333 1411 1375 versatus,

205 1401 401 1453 spondeo,
438 1401 514 1439 tibi
552 1403 675 1438 istam
712 1400 984 1438 acerbitatem
1022 1404 1067 1437 et
1103 1400 1292 1437 iniuriam
1329 1412 1412 1438 non

205 1472 443 1511 diuturnam
460 1470 563 1510 fore.
618 1471 724 1509 Nam
745 1476 789 1509 et
807 1473 910 1521 ipse,
930 1472 1000 1521 qui
1019 1469 1239 1521 plurimum
1258 1475 1415 1521 potest}

205 1543 389 1595 quotidie
423 1542 522 1580 mihi
557 1542 693 1581 delabi
728 1541 781 1580 ad
816 1544 1072 1592 aequitatem
1107 1545 1152 1579 et
1185 1540 1239 1579 ad
1271 1553 1410 1589 rerum

206 1619 396 1652 naturam
419 1613 595 1659 videtur,
619 1618 663 1651 et
685 1615 774 1663 ipsa
796 1625 919 1650 causa
942 1625 991 1650 ea
1015 1617 1093 1658 est,
1117 1616 1165 1650 ut
1186 1613 1269 1649 iam
1292 1609 1412 1650 simul

206 1699 299 1723 eum
316 1684 538 1736 republica,
558 1697 664 1735 quae
682 1686 724 1722 in
741 1688 990 1734 perpetuum
1008 1685 1142 1720 iacere
1159 1695 1241 1720 non
1258 1687 1412 1733 potest,

206 1758 434 1794 necessario
464 1757 679 1792 reviviscat
709 1759 836 1805 atque
865 1758 1102 1798 recreetur3
1147 1753 1413 1804 quotidieque

257 1867 272 1882 ⁰
298 1862 340 1895 In
361 1863 447 1895 view
466 1862 506 1894 of
522 1861 620 1894 these
640 1863 802 1903 opening
820 1859 948 1898 words,
968 1859 1105 1902 Tyrrell
1123 1862 1206 1902 puts
1222 1859 1292 1893 this
1311 1859 1413 1893 letter

210 1906 297 1943 first,
313 1905 385 1938 and
402 1906 459 1938 ΧΑ
479 1904 621 1938 second.

256 1948 270 1968 ἃ
295 1947 310 1980 I
338 1958 398 1980 am
425 1946 593 1980 indebted
621 1948 676 1979 for
701 1946 762 1979 the
788 1946 979 1988 rendering
1005 1949 1042 1978 to
1070 1945 1179 1988 Page,
1206 1945 1287 1978 who
1313 1947 1416 1978 takes

206 1992 365 2068 aquitas
380 1995 418 2024 to
433 2002 537 2024 mean
555 1991 575 2004 ‘⁸
593 2002 614 2023 a
628 1989 821 2032 composed
837 1990 952 2022 frame
967 1990 1008 2022 of
1020 1988 1119 2022 mind
1136 1988 1157 2002 '⁹
1174 1999 1213 2022 as
1229 1988 1417 2023 elsewhere

208 2046 243 2068 in
291 2046 394 2068 icero.

205 2093 284 2127 482
