1442 2392
686 118 890 160 CICERO

188 231 235 264 ut
263 231 403 277 potest
430 227 472 264 in
501 231 620 264 tanta
648 225 858 264 hominum
887 225 1059 277 perfidia
1087 231 1132 265 et
1158 228 1392 278 iniquitate,

187 292 470 329 retinebimus.
525 286 646 339 Quod
668 291 721 329 ad
742 291 981 342 popularem
1002 293 1205 330 rationem
1227 290 1394 342 attinet,

189 355 266 394 hoc
300 356 486 394 videmur
521 369 609 394 esse
643 359 866 402 consecuti,
900 362 948 395 ut
981 369 1033 395 ne
1068 356 1167 408 quid
1201 358 1269 408 agi
1302 347 1394 394 curn

187 421 338 472 populo
371 427 445 460 aut
475 421 594 460 salvis
627 424 829 472 auspiciis,
861 427 934 460 aut
965 421 1084 460 salvis
1114 421 1290 473 legibus,
1322 425 1395 470 aut

189 486 367 538 denique
394 489 480 524 sine
507 489 546 525 vi
572 489 714 538 possit.
769 487 835 525 De
861 487 923 525 his
949 488 1070 525 rebus
1096 487 1243 538 pridie,
1269 499 1395 538 quam

190 551 292 589 haec
306 554 459 602 scripsi,
474 558 642 590 senatus
655 554 876 590 auctoritas
889 554 1127 604 gravissima
1138 553 1371 590 intercessit
1386 563 1395 589 :

189 619 253 655 cui
279 630 372 655 cum
399 617 502 655 Cato
529 622 573 655 et
591 616 783 655 Caninius
808 619 1148 663 intercessissent,
1166 622 1307 655 tamen
1332 621 1396 655 est

189 685 428 733 perscripta.
482 682 587 720 Eam
617 682 670 720 ad
699 687 743 721 te
773 685 938 721 missam
968 695 1057 721 esse
1088 683 1275 721 arbitror.
1330 681 1396 720 De

190 750 337 785 ceteris
367 748 488 785 rebus
519 747 718 798 quidquid
748 750 826 786 erit
856 753 1007 793 actum,
1037 748 1210 786 scribam
1241 747 1294 785 ad
1323 752 1397 793 te;

191 818 320 863 utque
360 826 484 864 quam
522 815 747 851 rectissime
787 818 976 864 agantur,
1005 815 1116 850 omni
1154 825 1248 857 mea
1286 825 1398 859 cura,

191 891 329 929 opera,
349 877 576 930 diligentia,
594 881 729 930 gratia
746 878 983 929 providebo.
1035 877 1152 917 Vale.
1364 870 1366 874 ’

411 1203 459 1229 Μ.
485 1202 524 1228 Τ.
551 1202 587 1229 C.
614 1202 647 1229 S.
676 1203 715 1229 D.
744 1203 782 1229 P.
809 1203 988 1229 LENTULO
1016 1201 1178 1228 Pnocos.

613 1285 762 1324 Romae,
779 1297 888 1320 A.u.c.
905 1288 983 1319 698.

249 1372 355 1411 Aulo
369 1372 585 1418 Trebonio,
600 1375 670 1423 qui
689 1374 732 1409 in
751 1378 825 1410 tua
842 1374 1049 1423 provincia
1067 1383 1219 1422 magna
1233 1371 1401 1423 negotia

196 1443 240 1476 et
281 1437 416 1488 ampla
454 1443 498 1475 et
537 1437 733 1488 expedita
769 1437 911 1482 habet,
949 1436 1099 1475 multos
1141 1449 1268 1475 annos
1307 1440 1402 1475 utor

197 1503 314 1541 valde
350 1502 619 1541 familiariter.
685 1502 725 1546 Is
761 1516 854 1540 cum
891 1507 1015 1540 antea
1050 1514 1213 1552 semper
1248 1506 1294 1540 et
1328 1513 1402 1540 suo

196 1568 426 1619 splendore,
457 1574 501 1606 et
530 1574 670 1606 nostra
698 1573 1012 1618 ceterorumque
1043 1569 1264 1605 amicorum
1293 1579 1402 1605 com·

196 1634 460 1672 mendatione
481 1636 795 1684 gratiosissimus
815 1635 858 1670 in
877 1634 1083 1683 provincia
1101 1630 1196 1677 fuit,
1215 1637 1306 1670 tum
1325 1631 1402 1670 hoc

196 1705 382 1750 tempore
412 1704 581 1750 propter
610 1704 728 1737 tuum
757 1700 799 1736 in
827 1711 895 1736 me
925 1710 1106 1736 amorem
1134 1702 1401 1748 nostramque

196 1764 541 1802 necessitudinem
562 1763 830 1802 vehementer
849 1762 1031 1808 confidit,
1050 1762 1112 1800 his
1132 1764 1233 1800 meis
1251 1761 1402 1802 litteris

247 1897 262 1912 ‘²
284 1893 359 1927 The
376 1894 538 1935 question
555 1893 596 1926 of
611 1891 804 1934 Ptolemy's
820 1892 1039 1925 restoration.

249 1936 261 1954 '²
286 1937 318 1969 A
335 1941 477 1969 senatus
492 1936 703 1979 consultum,
721 1947 807 1969 even
825 1935 856 1968 if
870 1934 996 1968 vetoed
1013 1935 1062 1977 by
1077 1945 1099 1968 a
1115 1933 1269 1975 tribune,
1285 1933 1400 1977 might

198 1979 244 2013 be
274 1983 339 2022 put
365 1991 410 2013 on
436 1979 558 2012 record
585 1990 625 2013 as
651 1990 674 2012 a
699 1983 842 2012 senatus
868 1979 1081 2012 auctoritas:
1117 1978 1178 2011 the
1203 1978 1398 2012 auctoritas

203 2025 238 2057 in
260 2024 327 2057 this
344 2034 426 2057 case
443 2023 594 2056 forbade
613 2023 673 2056 the
692 2024 901 2057 restoration
920 2022 961 2056 of
977 2021 1139 2065 Ptolemy
1156 2021 1366 2064 altogether.
1391 2025 1393 2028 ⁴

208 2081 254 2114 12
