1442 2392
669 164 872 203 CICERO

170 266 235 303 De
248 264 396 304 futuris
411 271 553 305 autem
565 267 688 305 rebus
705 270 781 305 etsi
796 280 959 319 semper
972 267 1132 307 difficile
1142 273 1212 307 est
1225 268 1376 316 dicere,

168 341 310 375 tamen
333 337 541 376 interdum
565 340 800 376 coniectura
822 340 951 390 possis
975 341 1141 390 propius
1165 339 1376 387 accedere,

167 420 262 445 cum
287 413 351 445 est
375 421 440 446 res
466 409 679 454 eiusmodi,
705 411 818 448 cuius
845 412 984 448 exitus
1005 408 1210 461 provideri
1234 412 1377 462 possit,

169 477 287 516 Nunc
321 484 486 516 tantum
519 479 706 517 videmur
739 480 987 531 intelligere,
1021 494 1104 519 non
1137 481 1377 520 diuturnum

169 548 322 586 bellum
343 548 430 587 fore
448 562 458 595 3
497 553 574 588 etsi
595 550 638 588 id
658 553 792 602 ipsum
813 551 1015 590 nonnullis
1036 551 1226 591 videatur
1246 565 1376 592 secus.

169 619 374 670 Equidem
405 634 498 658 cum
529 620 631 659 haec
663 622 905 668 scribebam,
937 621 1093 674 aliquid
1123 625 1207 662 iam
1236 628 1377 669 actum

169 691 382 741 putabam,
419 705 500 729 non
539 705 619 743 quo
656 698 771 731 certo
808 695 967 739 scirem,
1004 693 1079 732 sed
1115 694 1227 745 quod
1265 694 1376 734 haud

169 761 336 799 difficilis
354 767 443 800 erat
457 763 723 801 coniectura.1
777 763 884 801 Nam
898 777 991 802 cum
1006 766 1136 802 omnis
1150 765 1248 803 belli
1263 764 1377 821 Mars

170 835 408 879 communis,
433 838 478 871 et
500 847 594 871 cum
617 847 780 885 semper
802 837 949 873 incerti
974 838 1109 873 exitus
1131 835 1378 887 proeliorum

171 905 266 948 sint,
289 909 380 941 tum
400 903 478 942 hoc
499 910 688 955 tempore
709 908 770 944 ita
791 918 968 956 magnae
990 908 1199 958 utrimque
1221 909 1379 958 copiae,

169 976 229 1012 ita
247 979 418 1024 paratae
437 975 491 1013 ad
509 975 832 1027 depugnandum
852 989 941 1015 esse
960 976 1166 1023 dicuntur,
1184 982 1248 1024 ut,
1266 974 1378 1018 uter-²

169 1058 345 1097 cumque
364 1047 521 1092 vicerit,
540 1059 623 1084 non
641 1049 695 1085 sit
713 1049 862 1085 mirum
880 1046 1079 1087 futurum.
1135 1047 1272 1087 Illain
1290 1048 1377 1106 dies

170 1116 349 1167 singulos
374 1119 504 1169 magis
529 1120 744 1169 magisque
769 1121 906 1169 opinio
930 1118 1142 1158 hominum
1166 1119 1376 1162 confirma-

169 1192 251 1232 tur,
274 1189 434 1225 etiamsi
455 1190 564 1226 inter
584 1201 726 1227 causas
747 1202 953 1227 armorum
974 1189 1232 1241 aliquantum
1250 1193 1375 1230 inter-

170 1260 236 1304 sit,
259 1263 401 1296 tamen
424 1261 532 1297 inter
553 1261 742 1298 victorias
764 1274 846 1298 non
869 1260 1046 1299 multum
1067 1258 1377 1302 interfuturumss‘

170 1329 334 1367 Alteros
356 1330 654 1380 propemodum
676 1333 758 1369 iam
780 1344 919 1369 sumus
944 1334 1133 1383 experti3
1171 1332 1224 1371 de
1246 1333 1377 1372 altero

170 1413 291 1438 nemo
320 1405 384 1438 est
412 1403 510 1451 quin
538 1404 709 1452 cogitet,
739 1415 864 1453 quam
892 1405 946 1440 sit
973 1403 1222 1442 metuendus
1249 1402 1377 1442 iratus

130 1475 151 1507 2
169 1473 297 1509 victor
321 1477 516 1509 armatus.
572 1471 661 1510 Hoc
684 1472 772 1511 loco
797 1475 830 1511 si
853 1472 993 1511 videor
1017 1486 1171 1525 augere
1195 1474 1379 1513 dolorem

170 1546 302 1586 tuum,
332 1555 455 1592 quem
485 1542 732 1581 consolando
760 1543 898 1582 levare
928 1543 1118 1591 debeam,
1147 1543 1282 1584 fateor
1310 1558 1379 1584 me

169 1614 446 1649 communium
464 1612 664 1650 malorum
682 1612 1003 1652 consolationem
1021 1613 1177 1652 nullam
1194 1617 1378 1654 invenire

169 1688 334 1732 praeter
358 1683 484 1728 illam,
510 1696 618 1734 quae
642 1689 799 1730 tamen,
825 1687 858 1722 si
883 1687 1011 1735 possis
1039 1688 1131 1723 eam
1156 1688 1378 1738 suscipere,

169 1756 348 1791 maxima
372 1758 449 1799 est,
473 1767 637 1805 quaque
661 1767 738 1806 ego
762 1755 946 1805 quotidie
969 1758 1100 1807 magis
1123 1761 1378 1802 utor,—-con-

169 1826 382 1861 scientiam
404 1829 543 1862 rectae
565 1825 788 1863 voluntatis
811 1828 1034 1864 maximam
1056 1827 1376 1866 consolationem

216 1903 229 1922 ¹
255 1904 359 1937 These
384 1905 499 1938 words
525 1915 612 1938 were
631 1905 764 1947 found,
792 1907 979 1949 according]
1007 1910 1041 1940 to
1072 1907 1223 1948 Tyr-rell,
1250 1908 1291 1941 in
1317 1908 1373 1941 the

169 1948 274 1980 codex
289 1948 332 1990 of
345 1948 509 1987 Ursinus,
526 1949 599 1981 and
613 1949 652 1981 in
665 1960 728 1982 one
743 1950 786 1993 of
796 1950 830 1983 A
836 1950 940 1983 llen's
957 1952 1101 1986 codices.

180 2001 243 2007 —
367 2026 382 2042 a
410 2021 468 2064 of.
486 2023 574 2060 ξυνὸς
601 2024 778 2062 Ἐνυάλιος,
797 2022 905 2056 Hom.
924 2023 969 2056 [ι.
988 2025 1081 2056 xviii.
1098 2026 1178 2058 309.

301 2065 315 2085 ⁶
338 2064 414 2097 The
431 2065 628 2108 Pompeian
646 2069 764 2108 party.
1057 2071 1070 2087 ⁶
1093 2067 1235 2101 Caesar.

171 2120 250 2154 442
