1442 2392
666 117 869 158 CICERO

166 225 326 263 illorum
346 229 480 262 artem
501 237 595 262 cum
616 226 727 274 ipsis,
749 229 840 262 tum
862 226 989 262 etiam
1010 224 1085 263 sibi
1107 223 1262 276 gloriae
1281 223 1370 264 fore

165 287 357 338 putabat.
409 286 550 337 Atque
599 286 657 324 illi
706 286 882 324 artifices
931 289 1108 338 corporis
1157 285 1371 340 simulacra

166 352 317 402 ignotis
338 355 438 388 nota
457 348 694 395 faciebant3
730 362 837 400 quae
859 349 924 388 vel
944 352 977 388 si
998 349 1110 388 nulla
1130 342 1226 397 sint,
1246 342 1371 389 nihilo

167 416 250 451 sint
281 418 423 451 tamen
455 413 706 450 obscuriores
738 412 835 450 clari
866 414 954 450 viri.
1022 412 1110 451 Nec
1140 415 1274 452 minus
1307 418 1371 460 est

167 475 395 526 Spartiates
435 474 651 526 Agesilaus
689 473 758 512 ille
796 473 1088 525 perhibendus,
1127 477 1198 526 qui
1236 487 1372 527 neque

167 540 321 588 pictam
339 550 475 588 neque
493 536 632 575 fictam
649 539 872 588 imaginem
890 550 1007 575 suam
1023 550 1167 588 passus
1185 543 1251 576 est
1268 550 1372 584 esse,

169 613 294 651 quam
326 602 396 650 qui
427 602 471 636 in
503 612 553 637 eo
584 611 738 650 genere
771 599 1047 638 elaborarunt.
1113 598 1230 638 Unus
1263 602 1373 638 enim

167 661 453 712 Xenophontis
493 661 654 699 libellus
694 663 737 699 in
778 674 828 699 eo
867 674 968 712 rege
1007 661 1214 700 laudando
1253 660 1373 709 facile

168 738 310 763 omnes
322 726 522 776 imagines
535 726 717 761 omnium
731 728 972 775 statuasque
985 727 1207 774 superavit.
1232 723 1374 776 Atque

168 786 245 825 hoc
263 788 541 838 praestantius
561 785 661 823 mihi
680 784 806 823 fuerit
826 791 870 823 et
891 785 944 823 ad
962 785 1165 824 laetitiam
1186 788 1311 824 animi
1330 788 1375 825 et

169 849 223 889 ad
240 851 462 887 memoriae
481 848 743 900 dignitatem,
763 850 796 886 si
813 850 856 886 in
875 853 949 886 tua
967 851 1119 900 scripta
1134 861 1374 905 pervenero,

169 925 294 964 quam
310 914 343 949 si
358 913 402 948 in
417 916 662 956 ceterorum,
679 910 790 962 quod
806 924 887 948 non
903 913 1115 962 ingenium
1129 909 1230 949 mihi
1244 910 1375 952 solum

169 974 481 1025 suppeditatum
493 971 620 1011 fuerit
632 978 765 1018 tuum,
779 975 885 1011 sicut
897 972 1143 1011 Timoleonti
1157 986 1182 1011 a
1193 973 1376 1020 Timaeo,

169 1042 243 1075 aut
271 1036 323 1074 ab
352 1035 564 1073 Herodoto
591 1034 868 1080 Themistocli,
896 1035 971 1073 scd
998 1037 1124 1073 etiam
1153 1038 1375 1074 auctoritas

169 1099 377 1137 clarissimi
388 1103 432 1136 et
442 1099 730 1148 spectatissimi
740 1099 827 1143 viri,
839 1103 882 1135 et
892 1100 935 1134 in
943 1097 1178 1148 republicae
1187 1099 1375 1136 maximis

169 1163 497 1213 gravissimisque
513 1161 644 1198 causis
660 1161 814 1211 cogniti
830 1165 956 1210 atque
972 1161 1015 1196 in
1030 1162 1169 1211 primis
1185 1156 1347 1211 probati
1365 1172 1376 1206 ;

171 1229 218 1262 ut
232 1222 331 1261 mihi
347 1236 429 1260 non
445 1221 575 1260 solum
587 1224 865 1272 praeconium,
878 1221 1002 1273 quod,
1014 1235 1107 1259 curn
1124 1224 1166 1260 in
1182 1221 1375 1274 Sigaeum

170 1288 350 1324 venisset
366 1284 617 1330 Alexander,
635 1284 687 1322 ab
705 1283 886 1322 Homero
903 1283 1051 1322 Achilli
1067 1284 1270 1322 tributum
1287 1278 1376 1324 esse

170 1348 289 1393 dixit,
311 1347 384 1385 sed
406 1349 532 1385 etiam
553 1359 678 1397 grave
699 1348 982 1384 testimonium
1003 1348 1261 1396 impertitum
1281 1346 1376 1385 clari

171 1409 344 1448 hominis
359 1412 582 1460 magnique
598 1409 800 1447 videatur.
854 1408 995 1447 Placet
1011 1411 1122 1447 enim
1138 1408 1294 1447 Hector
1308 1409 1376 1448 ille

170 1472 269 1510 mihi
281 1471 527 1517 Naevianus,
537 1474 606 1522 qui
617 1484 699 1509 non
709 1476 873 1509 tantum
885 1470 1037 1509 laudari
1047 1483 1091 1508 se
1100 1470 1294 1516 laetatur,
1305 1471 1376 1510 sed

170 1534 286 1573 addit
299 1536 470 1579 etiam,a
483 1533 636 1571 laudato
647 1532 740 1571 viro.
765 1533 886 1580 Quod
898 1535 931 1570 si
943 1546 968 1570 a
980 1538 1022 1571 te
1030 1544 1112 1571 non
1124 1533 1377 1584 impetraro,¹

171 1596 247 1634 hoc
275 1601 352 1642 est,
380 1598 413 1634 si
440 1608 546 1647 quae
574 1601 617 1633 te
645 1608 709 1633 res
736 1595 971 1646 impedierit
998 1595 1150 1647 (neque
1178 1598 1288 1634 enim
1315 1593 1376 1634 fas

172 1671 261 1697 esse
294 1658 467 1696 arbitror
499 1658 723 1709 quidquam
754 1670 822 1695 me
860 1663 1076 1708 rogantem
1115 1657 1187 1695 abs
1219 1662 1263 1696 te
1295 1671 1376 1696 non

510 1736 523 1755 ¹
554 1736 775 1778 Wesenbery:
801 1737 953 1779 impetro
968 1737 1068 1769 codd.

223 1852 238 1868 ⁶
265 1846 364 1888 King
375 1846 415 1879 of
427 1846 498 1888 Spa
504 1849 570 1886 rta,
584 1846 663 1879 who
676 1845 840 1879 defeated
855 1846 915 1879 the
927 1845 1033 1879 allied
1047 1845 1162 1879 forces
1175 1844 1215 1878 of
1226 1844 1377 1885 Thebes,

175 1889 338 1929 Corinth,
354 1889 424 1922 and
447 1890 565 1931 Argos
585 1894 620 1922 at
641 1889 802 1922 Coronea
822 1891 858 1922 in
878 1891 957 1927 394,
974 1889 1040 1922 but
1055 1899 1128 1922 was
1143 1888 1306 1922 defeated
1327 1888 1376 1932 by

174 1936 235 1969 the
251 1935 418 1969 Thebans
435 1938 474 1968 at
491 1935 645 1968 Leuctra
661 1936 697 1968 in
714 1936 793 1968 371.
843 1934 900 1968 He
917 1944 989 1967 was
1005 1934 1106 1968 short
1121 1933 1193 1967 and
1210 1933 1314 1968 lame.

225 1979 237 1999 ὓ
261 1979 337 2013 The
372 1979 486 2012 whole
522 1979 592 2012 line
627 1979 663 2011 in
701 1978 889 2011 Naevius's
926 1978 1054 2012 Hector
1088 1977 1316 2020 Proficiscens
1345 1979 1374 2013 is

175 2022 198 2037 “
214 2022 328 2057 laetus
345 2033 426 2056 sum
442 2022 583 2056 laudari
598 2033 656 2056 me
672 2021 738 2056 abs
754 2025 801 2061 te,
818 2025 932 2065 pater,
949 2033 971 2055 s.
987 2021 1135 2056 laudato
1150 2020 1262 2056 vix-02·

170 2078 250 2116 374
