1442 2392
674 139 878 179 CICERO

169 250 390 287 successori
418 248 747 286 coniunctissimo
777 250 822 282 et
851 245 1094 282 amicissimo
1122 239 1382 280 commodare

171 316 311 362 potest
333 313 382 356 is,
406 312 475 362 qui
499 311 749 360 provinciam
773 307 915 352 tradit,
940 319 1004 351 ea,
1027 318 1102 356 pro
1125 308 1267 342 nostra
1289 314 1383 341 con-

173 375 440 412 sociatissima
469 371 697 416 voluntate,
726 383 824 408 cura
853 382 900 407 ac
929 367 1145 419 diligentia
1172 371 1247 404 tua
1275 375 1384 402 com*-

171 436 383 487 plectare;
410 440 458 473 ut
487 446 629 472 omnes
657 432 907 483 intelligant,
935 443 1012 468 nec
1039 442 1108 468 me
1136 426 1384 467 benevolen-

171 500 265 537 tiori
300 500 492 548 cuiquam
526 495 761 541 succedere,
796 507 873 532 nec
906 499 951 532 te
987 493 1167 531 amiciori
1201 491 1384 541 potuisse

173 563 423 612 provinciam
449 559 629 598 tradere.
682 558 747 595 Ex
772 560 821 596 iis
846 557 1010 602 litteris,
1036 567 1211 607 quarum
1238 552 1292 591 ad
1315 564 1384 590 me

174 623 411 674 exemplum
441 624 600 667 misisti,
632 634 733 672 quas
763 623 806 658 in
836 624 984 658 senatu
1013 619 1178 656 recitari
1207 615 1384 660 voluisti,

173 689 230 724 sic
244 685 545 730 intellexeram,
560 683 786 735 permultos
802 696 827 720 a
840 688 884 720 te
899 681 1051 719 milites
1067 692 1156 718 esse
1171 678 1357 717 dimissos
1373 688 1384 722 ;

175 749 249 787 sed
269 748 369 786 mihi
396 748 544 786 Fabius
570 747 681 784 idem
707 746 1019 789 demonstravit,
1039 743 1082 781 id
1109 748 1154 781 te
1182 742 1384 792 cogitasse

174 810 325 856 facere,
362 810 435 848 sed
481 823 575 848 cum
611 812 699 860 ipse
738 822 762 845 a
798 813 842 846 te
885 806 1132 851 discederet,
1176 807 1385 854 integrum

174 874 351 912 militum
378 886 596 911 numerum
622 871 762 909 fuisse.
818 870 866 908 Id
893 872 926 907 si
952 872 1013 907 ita
1040 873 1119 914 est,
1144 871 1383 918 pergratum

174 936 274 974 mihi
302 935 462 981 feceris,
491 938 524 973 si
551 937 652 973 istas
681 936 852 985 exiguas
880 934 1032 983 copias,
1060 943 1162 982 quas
1191 929 1385 972 habuisti,

176 1012 301 1050 quam
343 1001 510 1035 minime
553 998 834 1041 imminueris3
892 1007 974 1046 qua
1016 993 1069 1031 de
1111 1005 1156 1030 re
1199 995 1384 1030 senatus-

175 1060 374 1106 consulta,
398 1073 504 1111 quae
527 1058 639 1097 facta
661 1063 771 1103 sunt,
795 1057 848 1095 ad
870 1062 914 1095 te
937 1058 1061 1094 missa
1084 1067 1173 1093 esse
1197 1053 1384 1092 arbitror.

175 1123 380 1174 Equidem
408 1135 482 1173 pro
511 1134 575 1167 eo,
604 1123 748 1172 quanti
776 1125 821 1158 te
849 1118 969 1164 facio,
997 1116 1198 1169 quidquid
1224 1114 1384 1160 feceris,

175 1185 439 1236 approbabo3
491 1183 565 1222 sed
600 1188 645 1222 te
681 1195 846 1234 quoque
882 1180 1043 1220 confido
1079 1192 1130 1218 ea
1164 1177 1384 1222 facturum,

175 1261 281 1299 quae
323 1246 422 1284 mihi
462 1245 668 1297 intelliges
709 1247 889 1282 maxime
930 1256 1020 1281 esse
1061 1240 1383 1280 accommodata.

174 1310 265 1361 Ego
298 1309 344 1347 G.
378 1309 657 1359 Pomptinum,
689 1307 875 1358 legatum
906 1319 1061 1350 meum,
1093 1303 1282 1342 Brundisi
1312 1314 1383 1340 ex·

174 1372 429 1423 spectabam,
454 1384 633 1422 eumque
660 1376 757 1408 ante
784 1368 992 1407 Kalendas
1012 1367 1105 1406 Iun.
1123 1365 1383 1404 Brundisium

175 1440 394 1473 venturum
409 1434 651 1472 arbitrabar.
705 1432 786 1480 Qui
798 1445 891 1470 cum
903 1433 1077 1476 venerit,
1088 1441 1195 1481 quae
1206 1429 1383 1479 primum

173 1497 395 1549 navigandi
412 1497 529 1535 nobis
548 1495 723 1534 facultas
742 1495 843 1534 data
860 1497 954 1540 erit,
973 1498 1153 1532 utemur.

752 1614 810 1653 IV

446 1717 493 1742 M.
519 1716 557 1742 T.
585 1717 619 1742 C.
648 1715 680 1742 S.
709 1716 750 1742 D.
776 1714 895 1740 APPIO
922 1712 1107 1740 PULCI-mo

572 1789 766 1828 Brundisii,
783 1799 891 1822 A.u.c.
910 1790 988 1821 703.

226 1869 360 1908 Pridie
395 1868 533 1907 Nonas
569 1867 660 1906 Iun.
694 1881 787 1905 cum
821 1879 954 1904 essem
987 1864 1190 1910 Brundisi,
1221 1863 1381 1902 litteras

174 1938 267 1971 tuas
291 1934 444 1982 accepi,
464 1932 611 1982 quibus
631 1936 722 1968 erat
741 1932 952 1979 scriptum,
972 1933 1016 1966 te
1037 1927 1086 1966 L.
1110 1926 1252 1966 Clodio
1267 1939 1382 1964 man-

278 2052 292 2067 ⁰
316 2046 492 2090 Appius's
504 2046 706 2089 praefectus
714 2043 876 2086 fabrum,
893 2047 915 2062 “
926 2040 1304 2086 engineer-in-chief.”

186 2103 259 2141 172
