1442 2392
675 136 878 175 CICERO

122 246 144 278 4
171 254 260 279 esse
274 240 494 280 facturum.
549 242 615 280 De
630 242 829 292 Appianis
845 241 1058 281 hactenus.
1111 242 1150 280 A
1166 242 1384 288 Pausania,

172 298 339 336 Lentuli
373 298 534 344 liberto,
569 312 739 336 accenso
773 312 880 345 meo,
915 299 1065 346 audivi,
1099 313 1192 337 cum
1225 299 1384 338 diceret

170 361 214 393 te
241 368 380 394 seeum
407 369 496 394 esse
523 362 731 407 questum,
757 356 868 407 quod
893 357 970 394 tibi
995 356 1158 395 obviam
1183 370 1266 396 non
1291 369 1383 407 pro-

169 411 334 450 dissem.
387 411 550 450 Scilicet
578 415 807 463 contempsi
835 418 894 458 te,
923 425 1000 451 nec
1027 418 1169 464 potest
1197 412 1285 452 fieri
1312 425 1380 452 me

168 469 393 520 quidquam
408 471 622 520 superbius
641 470 649 508 Ξ
704 470 809 508 Cum
822 483 926 521 puer
939 476 1036 508 tuus
1051 470 1103 509 ad
1117 483 1185 509 me
1200 470 1382 509 secunda

167 525 254 564 fere
286 526 423 577 vigilia
453 530 647 574 venisset,
677 530 794 579 isque
825 534 869 566 te
901 533 999 566 ante
1029 527 1164 566 lucem
1195 527 1379 567 Iconium

168 583 266 620 mihi
295 589 514 622 venturum
543 587 789 631 nuntiasset,
816 584 1152 638 ineertum[que],
1181 591 1275 624 utra
1300 587 1379 631 via,

168 653 260 678 cum
285 647 424 679 essent
447 642 568 688 duae,
589 642 720 681 altera
741 642 981 689 Varronem,
1005 649 1124 681 tuum
1152 641 1380 682 familiaris-

168 699 330 744 simum,
347 698 478 737 altera
495 699 546 747 Q.
565 699 757 751 Leptam,
773 700 1030 751 praefectum
1047 699 1209 738 fabrum
1225 713 1379 745 meum,

168 756 243 793 tibi
272 756 434 794 obviam
457 759 547 795 misi
565 770 575 803 ;
610 758 802 796 mandavi
831 761 995 810 utrique
1025 771 1181 805 eorum,
1202 763 1250 797 ut
1273 771 1297 796 a
1315 756 1379 796 te1

168 813 221 850 ad
247 826 314 851 me
341 820 621 860 excurrerent,
649 821 696 854 ut
722 816 798 854 tibi
825 817 987 854 obviam
1012 815 1175 866 prodire
1201 828 1378 866 possem.

168 869 344 909 Currens
370 870 505 921 Lepta
522 874 636 910 venit
654 873 836 924 mihique
857 875 1063 911 nuntiavit
1082 879 1126 911 te
1145 876 1228 911 iam
1244 877 1379 911 castra

166 934 518 980 praetergressum
527 942 630 967 esse.
659 928 887 968 Confestim
901 929 1199 968 Iconiumveni.
1228 928 1379 967 Cetera

167 986 249 1022 iam
273 986 349 1023 tibi
375 992 475 1024 nota
493 992 604 1025 sunt.
657 987 725 1025 An
745 1000 822 1039 ego
851 988 928 1026 tibi
956 988 1119 1026 obviam
1147 1000 1231 1026 non
1257 985 1378 1038 prod-

167 1044 270 1080 irem
288 1043 303 1079 ?
333 1046 511 1094 primum
531 1044 667 1094 Appio
688 1043 858 1082 Claudio
876 1045 891 1082 ?
929 1044 1079 1083 deinde
1105 1045 1344 1095 imperatori
1360 1042 1376 1080 ?

167 1099 318 1138 deinde
354 1114 467 1139 more
504 1102 737 1139 maiorum?
789 1102 953 1148 deinde,
990 1102 1101 1154 quod
1136 1107 1262 1153 eaput
1298 1106 1376 1146 est,

168 1159 298 1195 amieo
316 1158 331 1195 ?
369 1161 613 1208 praesertim
635 1172 729 1197 cum
751 1161 794 1196 in
816 1162 896 1197 isto
918 1172 1072 1211 genere
1095 1158 1226 1197 multo
1250 1160 1377 1196 etiam

167 1215 420 1253 ambitiosius
460 1214 597 1254 faeere
636 1216 804 1262 soleam,
845 1230 969 1268 quam
1008 1217 1136 1256 honos
1175 1229 1292 1254 meus
1332 1220 1373 1254 et

118 1276 140 1308 5
166 1271 346 1322 dignitas
373 1273 571 1323 postulat.
624 1272 706 1311 Sed
734 1273 836 1312 haec
863 1273 1077 1313 haetenus.
1131 1273 1239 1312 Illud
1265 1272 1374 1311 idem

167 1328 388 1367 Pausanias
435 1330 601 1369 dicebat
645 1336 690 1369 te
736 1331 915 1369 dixisse:
976 1331 1162 1379 Quidni?
1216 1330 1373 1381 Appius

168 1385 360 1432 Lentulo,
390 1386 591 1425 Lentulus
620 1387 770 1438 Ampio
798 1390 997 1438 processit
1029 1389 1204 1434 obviam,
1234 1387 1376 1425 Cicero

166 1443 302 1493 Appio
339 1443 503 1482 noluit?
558 1444 736 1492 Quaeso,
774 1448 954 1483 etiamne
991 1451 1039 1483 tu
1075 1444 1148 1483 has
1183 1447 1376 1495 ineptias,

167 1499 288 1538 homo
304 1501 414 1552 (mea
429 1501 654 1553 sententia)
669 1515 830 1539 summa
848 1502 1082 1553 prudentia,
1097 1501 1229 1540 multa
1249 1503 1375 1539 etiam

166 1557 366 1604 doctrina,
382 1558 556 1609 plurimo
572 1572 710 1597 rerum
726 1572 816 1604 usu,
834 1559 941 1597 addo
958 1559 1252 1605 urbanitatem,
1268 1570 1375 1611 quae

419 1662 432 1681 ¹
462 1660 730 1695 Mendelssohn:
753 1664 837 1695 ante
853 1660 901 1694 ad
919 1672 975 1695 me
995 1660 1084 1694 MR.

218 1839 233 1855 ⁰
256 1833 333 1867 The
356 1834 492 1867 accensi
516 1845 607 1867 were
631 1834 763 1876 special
787 1834 1005 1873 attendants,
1030 1834 1162 1876 mostly
1185 1833 1375 1877 employed

172 1888 211 1928 as
246 1880 348 1928 court
379 1879 485 1910 criers
511 1888 552 1911 or
578 1877 752 1910 marshals
779 1877 830 1920 by
857 1879 1083 1920 magistrates
1109 1878 1190 1911 who
1216 1877 1289 1911 had
1315 1878 1376 1912 the

172 1932 425 1997 vm‘pelggianeen
442 1965 524 1997 nine
540 1963 614 1997 and
630 1964 754 1997 twelve
771 1967 808 2015 at
825 1964 939 2015 night.
1240 2009 1248 2016 ·

172 2007 431 2084 Cificiffintums
453 2007 648 2040 sueceeded
671 2008 825 2049 Ampius
847 2019 883 2040 m
907 2010 987 2050 part
1008 2006 1050 2041 of
1067 2006 1127 2041 the
1148 2017 1318 2050 provmce
1337 2005 1377 2040 of

181 2106 256 2147 192
