1442 2392
655 156 859 197 CICERO

153 260 349 312 singulari
368 275 451 300 non
470 261 601 300 multo
621 261 726 312 plus,
747 276 872 314 quam
891 268 1071 312 nostrae,
1090 263 1362 305 relictum‘est

152 323 244 362 loci.
298 324 436 372 Quare
463 337 545 362 non
572 325 765 376 equidem
791 331 836 364 te
862 338 1039 372 moneo3
1079 327 1154 366 sed
1177 327 1278 366 mihi
1300 330 1362 366 -ita

153 389 350 437 persuasi,
380 392 424 425 te
455 399 619 438 quoque
649 390 691 425 in
720 387 865 426 iisdem
895 391 1047 428 versari
1074 389 1211 436 rebus,
1241 398 1362 442 quae,

154 451 315 487 etiamsi
335 451 468 487 minus
487 449 746 500 prodessent,
766 452 947 489 animum
967 457 1110 490 tamen
1129 465 1153 490 a
1171 451 1363 491 sollicitu-

153 511 248 549 dine
277 511 545 550 abducerent.
598 511 760 551 Servius
788 513 956 564 quidem
983 519 1079 553 tuus
1105 516 1148 553 in
1174 504 1362 569 omnibu}⁸

151 576 340 625 ingenuis
369 574 540 620 artibus,
567 577 611 612 in
637 577 861 626 primisque
889 575 980 623 hac,
1007 578 1051 615 in
1078 589 1160 628 qua
1189 590 1267 628 ego
1293 591 1362 620 me

153 638 291 686 scripsi
317 639 594 687 acquiescere,
612 639 673 675 ita
699 643 898 684 versatur,
925 644 972 677 ut
999 639 1175 678 excellat
1193 648 1219 685 ;’
1244 653 1269 679 a
1294 650 1361 679 me

153 710 249 736 vero
279 700 336 736 sic
366 697 563 749 diligitur,
594 704 642 737 ut
671 700 748 737 tibi
779 702 849 737 uni
879 700 1116 747 concedam,
1144 707 1362 752 praeterea

153 762 306 797 nemini
325 772 334 805 ;
371 760 554 811 mihique
578 762 631 799 ab
654 774 704 800 eo
726 764 861 813 gratia
882 762 1088 808 refertur:
1124 765 1168 802 in
1190 777 1272 816 quo
1292 764 1361 804 ine

153 825 378 868 existimat,
398 823 508 885 qupd
527 822 646 861 facile
667 830 880 875 appareat,
899 839 993 863 cum
1012 838 1079 864 me
1099 825 1208 865 colat
1227 832 1271 865 et
1291 828 1344 866 ob

151 890 303 931 servet,
332 885 408 923 tibi
436 898 600 937 quoque
629 888 672 924 in
701 900 750 925 eo
778 900 823 926 se
851 886 988 926 facere
1015 891 1359 942 gratissimum.

729 1066 788 1105 IV

436 1196 483 1223 M.
510 1197 549 1223 Τ.
575 1198 611 1224 C.
638 1197 671 1224 S.
699 1198 740 1224 D.
767 1198 854 1224 SER.
882 1199 1062 1225 SULPICIO
1092 1212 1096 1214 Ἴ

572 1296 721 1336 Romae,
738 1308 846 1331 A.u.c.
865 1300 944 1331 707-

203 1381 370 1432 Accipio
412 1385 720 1421 exeusationem
761 1389 891 1430 tuam,
932 1397 1014 1436 qua
1054 1381 1167 1424 usus
1191 1399 1250 1432 (³8,
1288 1400 1360 1437 cur

151 1447 313 1495 saepius
334 1444 387 1482 ad
405 1458 472 1482 me
492 1444 652 1484 litteras
672 1459 754 1484 uno
778 1446 968 1498 exemplo
987 1447 1184 1495 dedisses,
1202 1449 1277 1488 sed
1295 1462 1360 1492 ace

151 1509 256 1557 cipio
279 1520 331 1544 ex
352 1520 402 1545 ea
419 1513 554 1558 parte,
575 1514 779 1559 quatenus
799 1515 873 1548 aut
892 1509 1171 1561 neglegentia,
1190 1516 1265 1550 aut
1284 1514 1360 1550 ims-

150 1569 358 1619 probitate
380 1583 535 1616 eorum,
556 1573 626 1622 qui
647 1571 840 1621 epistolas
861 1574 1077 1623 accipiant,
1099 1572 1184 1612 fieri
1204 1571 1358 1621 scribis}

151 1644 203 1669 ne
232 1631 285 1670 ad
312 1645 385 1670 nos
412 1631 701 1683 perferantur;
742 1633 853 1672 illam
880 1640 1043 1685 partem
1071 1635 1358 1683 excusationis,

151 1707 233 1745 qua
256 1699 299 1732 te
323 1695 462 1733 scribis
486 1695 667 1734 orationis
683 1701 908 1749 paupertate
930 1697 1003 1749 (sic
1027 1700 1136 1737 enim
1160 1697 1357 1752 appellas)

149 1756 294 1795 iisdem
311 1757 444 1796 verbis
462 1758 656 1808 epistolas
672 1761 834 1810 saepius
851 1762 1034 1806 mittere,
1051 1773 1127 1799 nec
1143 1774 1265 1809 nosco
1282 1752 1359 1812 nec

150 1819 292 1870 probo.
346 1820 402 1858 Et
428 1833 506 1872 ego
531 1823 633 1871 ipse,
661 1835 786 1872 quem
810 1828 858 1861 tu
885 1835 960 1873 per
984 1825 1118 1869 iocum
1145 1823 1219 1875 (sic
1247 1826 1357 1869 enim

152 1881 321 1932 accipio)
353 1881 506 1920 divitias
533 1883 714 1922 orationis
741 1883 894 1922 habere
923 1884 1036 1931 dicis,
1061 1898 1128 1923 me
1157 1899 1240 1924 non
1267 1879 1357 1938 esse

151 1944 367 1982 verborum
406 1945 627 1983 admodum
664 1948 830 1997 inopem
867 1960 1042 1998 agnosco
1073 1946 1358 2004 (εἰρωνεύεσθαι

180 2087 205 2127 6
436 2044 452 2060 ⁰
475 2039 527 2073 Or
544 2039 564 2053 ‘⁴
582 2040 667 2073 with
683 2041 743 2074 the
759 2052 858 2074 same
874 2041 1072 2075 contenls.”

154 2093 179 2126 2
208 2094 232 2126 0
595 2101 598 2104 ’
