1442 2392
670 175 873 216 CICERO

167 278 350 318 studium
397 280 493 319 addi
538 294 672 332 posse,
712 287 869 328 tamen,
911 281 988 320 hac
1031 281 1134 321 mihi
1174 276 1374 323 affirfitate

166 347 371 391 nuntiata,
406 359 489 384 non
522 349 676 385 maiore
712 347 906 399 equidem
941 347 1092 394 studio,
1126 348 1201 388 sed
1228 341 1373 404 acrius,

164 412 360 459 apertius,
375 411 670 463 significantius
686 412 935 464 dignitatem
950 418 1066 452 tuam
1082 411 1372 453 defendissem.

164 469 398 512 Decedenti
428 474 542 520 mihi,
575 480 620 514 et
650 477 733 513 iam
763 478 936 526 imperio
967 489 1104 515 annuo
1134 468 1372 526 terminatp,

163 540 262 573 ante
290 535 402 574 diem
430 549 494 576 111.
523 537 662 576 Nonas
690 537 881 584 Sextiles,
909 552 1003 577 cum
1032 537 1085 577 ad
1112 536 1252 578 Sidam
1277 539 1372 580 navi

163 598 417 646 accederem,
445 605 490 638 et
515 613 679 639 mecum
706 600 758 648 Q.
785 600 977 639 Servilius
1005 606 1129 648 esset,
1155 601 1373 658 litteraea

162 662 264 698 meis
300 667 397 700 sunt
429 662 633 701 redditae.
687 663 785 701 Dixi
820 666 962 702 statim
996 663 1165 702 Servilio
1199 663 1372 717 (etenim

163 722 382 762 videbatur
412 737 501 764 esse
531 725 792 779 commotus),
822 732 870 765 ut
900 726 1037 765 omnia
1067 739 1092 764 a
1119 738 1188 764 me
1217 723 1374 765 maiora

164 792 441 836 exspectaret.
494 788 606 836 Quid
620 788 784 828 multa?
815 788 1126 828 benevolentior
1141 785 1372 840 tibi,‘qu'a'm‘

163 845 237 894 fui,
270 848 395 888 nihilo
428 864 518 889 sum
550 850 699 898 factus,
731 851 967 903 diligentior
999 851 1066 895 ad¹
1080 849 1372 907 ,declarandam

163 909 495 951 benevolentiam
534 914 680 953 multo.
734 913 855 960 Nam,
895 919 944 953 ut
983 919 1102 954 vetus
1141 919 1282 952 nostra
1320 915 1372 956 sie

162 973 313 1013 multas
349 981 474 1014 antea
508 976 749 1015 stimulabat
782 990 865 1023 me,
899 982 948 1016 ut
981 989 1184 1022 caverem,
1218 988 1271 1014 ne
1297 977 1371 1014 ‚cui

162 1039 434 1086 suspicionem
473 1038 567 1077 ficte
605 1039 892 1078 reconciliatae
929 1042 1089 1091 gratiae
1125 1039 1282 1084 darem,
1303 1040 1371 1076 *sic

161 1098 335 1138 affinitas
359 1114 464 1139 nova
486 1115 625 1139 curam
648 1101 747 1139 mihi
771 1101 890 1140 affert
912 1101 1097 1148 cavendi,
1119 1113 1173 1139 ne
1195 1100 1296 1152 quid
1316 1099 1374 1154 de

159 1173 319 1200 summo
340 1176 433 1201 meo
455 1177 554 1215 erga
575 1170 618 1203 te
641 1177 779 1203 amore
800 1164 1034 1203 detractum
1056 1176 1145 1203 esse
1167 1163 1370 1214 videatur.

710 1343 817 1382 XIII

401 1459 449 1487 M.
475 1460 501 1486 Τ
542 1461 577 1487 C.
604 1461 637 1487 S.
665 1461 703 1487 P.
731 1461 771 1487 D.
798 1462 917 1487 APPIO
945 1461 1129 1487 PULCHRO

573 1551 615 1585 In
633 1551 732 1591 Asia,
751 1563 858 1586 A.u.c.
877 1554 955 1585 704.

209 1627 335 1676 Quasi
356 1629 595 1676 divinarem,
615 1630 689 1668 tali
708 1633 750 1668 in
770 1630 899 1668 officio
919 1629 1006 1668 fore
1026 1629 1126 1668 mihi
1146 1628 1366 1682 aliquando

158 1692 439 1741 expetendum
466 1693 648 1731 studium
675 1698 808 1739 tuum,
836 1695 906 1738 sic,
933 1705 1027 1731 cum
1053 1692 1106 1731 de
1133 1695 1215 1731 tuis
1241 1693 1370 1730 rebus

155 1756 284 1803 gestis
325 1755 541 1806 agebatur,
581 1755 853 1793 inserviebam
893 1754 1035 1793 honori
1076 1760 1163 1794 tuo.
1217 1753 1364 1792 Dicam

155 1820 297 1854 tamen
314 1830 409 1855 vere
429 1830 438 1856 ε
468 1817 573 1868 plus,
591 1830 715 1868 quam
733 1830 963 1868 acceperas,
979 1817 1207 1856 reddidisti.
1262 1816 1362 1864 Quis

202 1950 216 1964 ⁰
239 1945 392 1978 Cicero's
415 1945 714 1979 embarrassment
737 1947 766 1979 is
792 1945 924 1989 clearly
947 1945 1107 1980 revealed
1135 1947 1171 1980 in
1194 1945 1254 1979 the
1275 1955 1362 1988 very

157 1987 375 2022 elaboration
392 1990 433 2022 of
444 1989 542 2023 these
556 1991 749 2023 sentences.
996 2027 999 2029 ,

205 2031 217 2051 ⁶
243 2032 295 2064 As
312 2043 359 2065 an
376 2036 485 2075 agent
503 2032 543 2066 of
557 2033 710 2076 Appius,
728 2032 799 2066 and
819 2032 993 2067 therefore
1009 2031 1267 2076 apprehensive
1285 2030 1325 2066 of
1337 2030 1359 2065 a

157 2073 287 2107 breach
304 2075 463 2109 between
480 2076 621 2119 Appius
637 2076 709 2109 and
727 2076 862 2110 Cicero.

161 2131 239 2166 242
