1442 2392
123 685 144 719 'l

674 121 877 162 CICERO

767 313 803 351 X

376 438 423 466 M.
449 438 489 464 Τ.
517 439 552 464 C.
580 438 668 463 ῙΜΡ.
696 438 728 463 S.
758 437 797 463 D.
826 437 871 463 M.
899 437 1038 463 CAELIO
1066 436 1172 464 RUFO

560 492 696 518 AEDILI
724 491 871 518 CURULI
899 492 984 518 DES.

406 583 449 616 In
465 584 590 616 castris
606 582 653 616 ad
671 582 934 620 Pindenissum,
951 593 1059 616 ΛΑΜ).
1076 584 1155 616 703.

222 679 285 717 Tu
317 678 424 723 vide.
457 691 582 729 quam
614 676 667 715 ad
690 690 765 715 <me
796 676 962 715 litterae
993 690 1076 715 non
1106 675 1381 728 perferantur.

173 734 266 772 Non
299 736 409 771 enim
441 746 607 783 possum
640 731 801 777 adduci,
834 736 882 769 ut
915 732 987 769 abs
1019 737 1078 777 te,
1109 737 1382 784 posteaquam

173 788 314 826 aedilis
348 800 391 825 es
423 786 572 832 factus,
605 786 735 824 nullas
767 791 913 836 putem
945 785 1093 831 datas3
1137 788 1382 837 praesertim

172 856 266 881 cum
298 847 409 880 esset
439 847 560 879 tanta
590 854 670 887 res,
701 846 846 878 tantae
877 839 1192 891 gratulationis;
1237 841 1291 879 de
1322 846 1382 888 te,

173 900 269 948 quia
297 895 407 948 quod
435 895 667 946 sperabam,
692 894 745 933 de
775 893 903 932 Hillo1
932 894 1093 946 (balbus
1121 897 1232 933 enim
1259 895 1382 948 sum),

172 951 290 1003 quod
313 964 396 988 non
424 955 630 1001 putaram.
684 949 815 1000 Atqui
845 951 902 987 sic
932 947 1100 995 habeto,
1130 948 1284 988 nullam
1313 962 1382 989 me

173 1005 393 1056 epistulam
411 1006 615 1054 accepisse
634 1009 750 1042 tuam
768 1008 863 1054 post
880 1005 1046 1041 comitia
1062 1005 1143 1042 ista
1158 1003 1382 1055 praeclara,

173 1072 280 1111 quae
315 1071 383 1097 me
417 1058 577 1096 laetitia
614 1057 881 1103 extulerunt3
933 1070 985 1095 ex
1021 1071 1102 1108 quo
1138 1070 1294 1104 vereor,
1328 1071 1382 1097 ne

173 1114 284 1152 idem
308 1114 474 1151 eveniat
496 1115 540 1150 in
563 1125 676 1150 meas
700 1112 874 1150 litteras.
928 1111 1133 1163 Equidem
1157 1125 1383 1164 numquam

173 1168 341 1207 domum
356 1170 448 1205 misi
463 1180 588 1205 unam
604 1165 838 1217 epistulam,
854 1168 953 1217 quin
969 1171 1080 1205 esset
1095 1166 1149 1205 ad
1163 1171 1207 1205 te
1224 1166 1382 1212 altera3

165 1235 250 1264 ,nec
268 1221 367 1259 mihi
387 1227 452 1260 est
469 1227 513 1260 te
531 1221 747 1259 iucundius
765 1220 990 1271 quidquam
1009 1233 1085 1259 nec
1103 1223 1248 1259 carius.
1300 1195 1384 1260 Sed

175 1276 301 1328 (balbi
333 1289 416 1314 non
446 1274 602 1327 sumus)
635 1275 688 1313 ad
718 1287 806 1312 rem
837 1274 1068 1313 redeamus.
1123 1274 1186 1314 Ut
1215 1277 1383 1326 optasti,

172 1333 233 1369 ita
257 1336 335 1368 est.
387 1329 524 1368 Velles
545 1331 668 1375 enim,
689 1331 761 1374 ais,
779 1334 945 1367 tantum
969 1329 1091 1367 modo
1115 1334 1164 1370 ut
1187 1328 1383 1371 haberem

173 1387 344 1436 negotii,
385 1384 495 1448 quod
536 1389 647 1422 esset
687 1383 740 1421 ad
778 1382 1003 1430 laureolam
1043 1386 1156 1422 satis.
1210 1382 1383 1423 Parthos

174 1442 310 1485 times,
338 1441 435 1490 quia
461 1438 606 1476 diffidis
634 1440 759 1488 copiis
786 1440 948 1476 nostris.
1001 1437 1112 1489 Ergo
1136 1440 1197 1476 ita
1221 1437 1382 1478 accidit.

175 1493 282 1531 Nam
317 1491 507 1531 Parthico
541 1491 649 1530 bello
684 1494 889 1537 nuntiato,
923 1491 1103 1530 locorum
1138 1492 1381 1544 quibusdam

174 1550 373 1599 angustiis
407 1552 452 1585 et
480 1552 638 1588 ‚natura
669 1548 872 1584 montium
903 1544 1049 1591 fretus,
1087 1545 1139 1584 ad
1175 1546 1381 1585 Amanum

123 1619 137 1625 ‘¹
175 1597 402 1640 exereitum
433 1600 600 1646 adduxi,
629 1603 729 1638 satis
757 1600 885 1651 probe
915 1606 1106 1638 ornatum
1136 1600 1309 1647 auxiliis,
1339 1607 1381 1640 et

175 1656 355 1706 quadam
389 1658 515 1693 etiam
549 1657 811 1699 auctoritate,
844 1654 954 1705 apud
985 1667 1068 1700 eos,
1099 1657 1169 1705 qui
1200 1668 1268 1693 me
1301 1657 1383 1695 non

173 1713 335 1752 norant,
349 1710 521 1745 nominis
533 1710 674 1745 nostri.
726 1707 906 1746 Multum
924 1713 987 1746 est
1004 1711 1113 1746 enim
1128 1711 1171 1746 in
1185 1707 1246 1748 his
1261 1707 1384 1749 locist

278 1796 290 1816 ¹
318 1795 524 1829 Manutius’
525 1807 542 1828 s
560 1795 727 1829 brilliant
743 1796 967 1828 emendation
976 1795 1042 1837 for
1059 1795 1170 1829 nihilo
1189 1806 1263 1831 uss.

225 1886 410 1920 “Cicero
402 1896 430 1918 ls
447 1886 629 1928 imitating
646 1885 785 1918 Hirrus'
788 1896 804 1918 s
822 1885 899 1928 lisp.
949 1884 1017 1919 See
1033 1889 1116 1920 note
1131 1898 1154 1920 a
1170 1887 1206 1920 in
1221 1885 1283 1921 the
1303 1899 1382 1935 pre-

177 1931 306 1973 ceding
321 1929 433 1967 letter,
451 1932 466 1967 ἓ
488 1933 516 1962 1.

226 1974 240 1994 ⁶
264 1975 288 2006 i.
291 1985 333 2011 e„
346 1973 390 2006 he
402 1983 469 2005 can
483 1983 563 2005 now
574 1982 780 2016 pronounce
792 1971 888 2005 the“
900 1972 937 2006 r'
942 1972 1001 2007 'in
1013 1983 1086 2007 rem
1098 1973 1170 2007 and
1183 1976 1380 2010 redeamus.

224 2021 236 2037 ⁶
260 2018 284 2050 i.
289 2028 330 2055 e„
346 2028 368 2049 a
384 2015 553 2059 triumph.

181 2075 256 2110 122
