1442 2392
694 167 899 207 CICERO

188 274 299 326 quod
327 274 457 320 audis,
485 272 606 330 culpa
632 272 828 311 nonnulla
846 277 925 312 est.
979 271 1081 312 Mea
1107 275 1213 312 ratio
1239 274 1284 312 in
1310 278 1401 318 tota

189 353 369 389 amicitia
381 355 520 388 nostra
532 355 723 388 constans
737 355 781 388 et
792 351 926 401 gravis
936 351 1181 400 reperietur.
1233 348 1356 398 Quod
1365 351 1400 389 si

188 427 258 476 qui
286 437 354 462 me
377 426 619 462 astutiorem
644 423 778 474 fingit,
798 422 898 474 quid
921 428 1062 474 potest
1087 435 1176 462 esse
1202 422 1398 471 callidius,

188 511 327 549 quam,
361 511 454 536 cum
485 502 529 535 te
559 497 775 535 absentem
804 510 968 547 semper
995 495 1267 543 defenderim,
1304 510 1397 538 eum

185 574 431 623 praesertim
450 570 548 608 mihi
570 584 646 608 usu
666 555 886 608 venturum
905 583 987 608 non
1007 570 1241 617 arbitrarer,
1256 576 1304 609 ut
1318 583 1397 623 ego

185 658 350 697 quoque
377 645 524 683 absens
550 658 575 682 a
600 650 644 683 te
670 643 956 683 defendendus
983 657 1129 691 essem,
1156 657 1264 683 nunc
1289 658 1397 701 com-

183 722 367 765 mittere,
398 724 446 757 ut
476 724 523 757 tu
554 721 641 756 iure
673 721 830 769 optimo
859 731 927 756 me
957 717 1174 756 absentem
1204 717 1395 759 deserere

183 794 357 844 posses?
413 792 553 831 Unum
596 805 727 844 genus
772 794 930 843 excipio
973 794 1185 838 sermonis,
1227 794 1270 830 in
1312 805 1394 845 quo

181 879 381 918 persaepe
411 866 565 918 aliquid
593 866 755 912 dicitur,
782 865 893 917 quod
920 871 964 904 te
992 871 1138 916 putem
1163 864 1271 904 nolle
1299 865 1393 914 diei,

180 943 214 979 si
238 946 311 979 aut
333 940 566 992 legatorum
589 945 754 978 tuorum
778 942 969 990 cuipiam,
993 944 1067 978 aut
1088 938 1392 990 praefectorum

180 1019 253 1052 aut
278 1015 536 1052 tribunorum
561 1013 738 1051 militum
763 1013 870 1051 male
897 1013 1072 1051 dicitur·
1061 1041 1073 1060 ,
1113 1012 1224 1065 quod
1248 1016 1391 1054 tamen

178 1090 312 1138 ipsum
334 1101 417 1125 non
437 1086 672 1125 mehercule
695 1086 829 1125 adhuc
850 1086 999 1125 accidit
1019 1099 1087 1125 me
1109 1086 1320 1134 audiente,
1341 1073 1390 1128 ut

179 1167 251 1200 aut
278 1163 441 1213 gravius
469 1160 689 1206 diceretur,
717 1166 791 1198 aut
817 1159 1047 1211 impurius‚1
1074 1173 1198 1211 quam
1225 1173 1388 1201 meeum

177 1234 379 1287 Corcyrae
414 1234 578 1272 Clodius
613 1239 677 1272 est
709 1233 898 1279 locutus;
947 1247 1040 1272 cum
1072 1235 1116 1272 in
1149 1246 1200 1272 eo
1232 1247 1386 1286 genere

175 1310 354 1346 maxime
387 1313 643 1359 quereretur,
676 1313 720 1345 te
753 1307 923 1345 aliorum
954 1307 1220 1358 improbitate
1251 1311 1385 1349 minus

174 1380 336 1420 felicem
367 1380 507 1419 fuisse.
562 1381 648 1419 Hos
682 1394 760 1432 ego
792 1393 1014 1427 sermones,
1046 1380 1156 1433 quod
1189 1387 1233 1420 et
1263 1382 1383 1422 multi

172 1461 283 1501 sunt,
315 1461 360 1494 et
391 1461 506 1493 tuam
539 1457 902 1501 existimationem,
933 1459 982 1493 ut
1012 1467 1091 1506 ego
1121 1457 1270 1501 sentio,
1291 1469 1383 1510 *non

172 1527 399 1574 offendunt,
436 1528 620 1567 lacessivi
657 1541 896 1579 numquam,
934 1527 1009 1566 sed
1045 1541 1128 1566 non
1164 1528 1282 1567 valde
1318 1542 1382 1571 re-

169 1605 312 1654 pressi.
366 1601 408 1640 Si
449 1604 540 1653 quis
583 1607 661 1648 est,
704 1603 774 1653 qui
815 1604 1023 1640 neminem
1066 1601 1174 1640 bona
1215 1601 1296 1641 fide
1337 1606 1380 1642 in

168 1679 345 1728 gratiam
391 1681 515 1726 putet
551 1675 685 1714 redire
717 1688 851 1725 posse,
883 1688 966 1713 non
998 1681 1180 1714 nostram
1215 1677 1249 1714 is
1287 1689 1380 1728 per-

169 1749 307 1788 fidiam
329 1751 528 1801 coarguit,
550 1748 623 1787 sed
643 1749 798 1787 indicat
819 1761 935 1787 suam
953 1760 963 1794 ς
998 1748 1200 1800 simulque
1221 1763 1305 1788 non
1324 1750 1377 1790 de

166 1836 234 1861 me
251 1826 285 1861 is
302 1825 419 1874 peius
438 1836 563 1874 quam
582 1822 635 1860 de
654 1827 698 1860 te
717 1824 942 1860 existimat.
995 1820 1065 1860 Sin
1088 1827 1229 1861 autem
1251 1825 1376 1875 quem

165 1909 260 1934 mea
279 1898 472 1934 instituta
492 1898 535 1933 in
554 1898 762 1946 provincia
782 1908 864 1933 non
885 1894 1110 1941 delectant,
1131 1900 1177 1934 et
1196 1880 1375 1951 quadam

165 1969 493 2008 dissimilitudine
511 1971 795 2007 institutorum
813 1981 999 2006 meorum
1018 1981 1065 2006 ac
1083 1974 1248 2025 tuorum
1266 1969 1373 2011 laedi

608 2060 621 2081 ¹
646 2061 682 2094 in
697 2059 815 2103 plures
830 2060 930 2094 codd.
1279 2040 1281 2045 V
1306 2044 1307 2049 ¹

171 2112 250 2152 206
805 2110 808 2113 ’

1422 2211 1442 2392 ’ῬᾉΙίὂ-ᾒωῗιψί·
1436 2166 1439 2167 ,
1435 2035 1442 2118 „ffl-
1439 1989 1442 2007 -.
1440 1969 1442 1975 ,
1440 1935 1442 1937 .
