<?xml version="1.0" encoding="UTF-8"?>
<!DOCTYPE html PUBLIC "-//W3C//DTD XHTML 1.0 Transitional//EN"
    "http://www.w3.org/TR/xhtml1/DTD/xhtml1-transitional.dtd">
<html xmlns="http://www.w3.org/1999/xhtml" xml:lang="en" lang="en">
 <head>
  <title>
</title>
<meta http-equiv="Content-Type" content="text/html;charset=utf-8" />
  <meta name='ocr-system' content='tesseract 3.04.00' />
  <meta name='ocr-capabilities' content='ocr_page ocr_carea ocr_par ocr_line ocrx_word'/>
</head>
<body>
  <div class='ocr_page' id='page_1' title='image "./letterstohisfrie01ciceuoft_0524.png"; bbox 0 0 1442 2392; ppageno 0'>
   <div class='ocr_carea' id='block_1_1' title="bbox 708 151 910 191">
    <p class='ocr_par' dir='ltr' id='par_1_1' title="bbox 708 151 910 191">
     <span class='ocr_line' id='line_1_1' title="bbox 708 151 910 191; baseline 0.005 -1"><span class='ocrx_word' id='word_1_1' title='bbox 708 151 910 191; x_wconf 90' lang='lat' dir='ltr'><strong>CICERO</strong></span> 
     </span>
    </p>
   </div>
   <div class='ocr_carea' id='block_1_2' title="bbox 168 254 1412 1796">
    <p class='ocr_par' dir='ltr' id='par_1_2' title="bbox 168 254 1412 1796">
     <span class='ocr_line' id='line_1_2' title="bbox 207 254 1409 308; baseline 0.002 -16"><span class='ocrx_word' id='word_1_2' title='bbox 207 268 331 306; x_wconf 88' lang='lat' dir='ltr'>quam</span> <span class='ocrx_word' id='word_1_3' title='bbox 351 258 498 306; x_wconf 87' lang='lat' dir='ltr'>gratia.</span> <span class='ocrx_word' id='word_1_4' title='bbox 536 254 700 294; x_wconf 86' lang='lat' dir='ltr'>Cimber</span> <span class='ocrx_word' id='word_1_5' title='bbox 719 262 862 294; x_wconf 91' lang='lat' dir='ltr'>autem</span> <span class='ocrx_word' id='word_1_6' title='bbox 889 256 1029 294; x_wconf 87' lang='lat' dir='ltr'>Tillius</span> <span class='ocrx_word' id='word_1_7' title='bbox 1045 255 1144 295; x_wconf 89' lang='lat' dir='ltr'>mihi</span> <span class='ocrx_word' id='word_1_8' title='bbox 1157 256 1280 308; x_wconf 89' lang='lat' dir='ltr'>plane</span> <span class='ocrx_word' id='word_1_9' title='bbox 1294 258 1409 306; x_wconf 75' lang='lat' dir='ltr'>satis-</span> 
     </span>
     <span class='ocr_line' id='line_1_3' title="bbox 206 324 1410 378; baseline 0.002 -15"><span class='ocrx_word' id='word_1_10' title='bbox 206 324 319 364; x_wconf 84' lang='lat' dir='ltr'>fecit.</span> <span class='ocrx_word' id='word_1_11' title='bbox 382 326 532 364; x_wconf 88' lang='lat' dir='ltr'>Valent</span> <span class='ocrx_word' id='word_1_12' title='bbox 562 329 672 364; x_wconf 88' lang='lat' dir='ltr'>enim</span> <span class='ocrx_word' id='word_1_13' title='bbox 705 327 816 378; x_wconf 90' lang='lat' dir='ltr'>apud</span> <span class='ocrx_word' id='word_1_14' title='bbox 848 327 1067 366; x_wconf 83' lang='lat' dir='ltr'><strong>Caesarem</strong></span> <span class='ocrx_word' id='word_1_15' title='bbox 1093 341 1177 366; x_wconf 92' lang='lat' dir='ltr'>non</span> <span class='ocrx_word' id='word_1_16' title='bbox 1208 333 1296 366; x_wconf 88' lang='lat' dir='ltr'>tam</span> <span class='ocrx_word' id='word_1_17' title='bbox 1327 334 1410 366; x_wconf 81' lang='lat' dir='ltr'>am-</span> 
     </span>
     <span class='ocr_line' id='line_1_4' title="bbox 206 397 1411 451; baseline 0.003 -17"><span class='ocrx_word' id='word_1_18' title='bbox 206 397 379 435; x_wconf 86' lang='lat' dir='ltr'>bitiosae</span> <span class='ocrx_word' id='word_1_19' title='bbox 413 400 661 448; x_wconf 80' lang='lat' dir='ltr'>rogationes,</span> <span class='ocrx_word' id='word_1_20' title='bbox 696 411 819 449; x_wconf 89' lang='lat' dir='ltr'>quam</span> <span class='ocrx_word' id='word_1_21' title='bbox 852 401 1107 437; x_wconf 83' lang='lat' dir='ltr'>necessariae</span> <span class='ocrx_word' id='word_1_22' title='bbox 1124 411 1134 444; x_wconf 94' lang='lat'>;</span> <span class='ocrx_word' id='word_1_23' title='bbox 1182 411 1284 450; x_wconf 85' lang='lat' dir='ltr'>quas</span> <span class='ocrx_word' id='word_1_24' title='bbox 1315 401 1411 451; x_wconf 79' lang='lat' dir='ltr'>quia</span> 
     </span>
     <span class='ocr_line' id='line_1_5' title="bbox 207 467 1411 521; baseline 0.002 -16"><span class='ocrx_word' id='word_1_25' title='bbox 207 467 372 506; x_wconf 89' lang='lat' dir='ltr'>Cimber</span> <span class='ocrx_word' id='word_1_26' title='bbox 386 468 582 514; x_wconf 90' lang='lat' dir='ltr'>habebat,</span> <span class='ocrx_word' id='word_1_27' title='bbox 596 468 688 519; x_wconf 91' lang='lat' dir='ltr'>plus</span> <span class='ocrx_word' id='word_1_28' title='bbox 703 469 844 515; x_wconf 85' lang='lat' dir='ltr'>valuit,</span> <span class='ocrx_word' id='word_1_29' title='bbox 860 482 985 520; x_wconf 90' lang='lat' dir='ltr'>quam</span> <span class='ocrx_word' id='word_1_30' title='bbox 997 482 1072 521; x_wconf 90' lang='lat' dir='ltr'>pro</span> <span class='ocrx_word' id='word_1_31' title='bbox 1086 469 1168 507; x_wconf 89' lang='lat' dir='ltr'>ullo</span> <span class='ocrx_word' id='word_1_32' title='bbox 1183 469 1262 508; x_wconf 88' lang='lat' dir='ltr'>alio</span> <span class='ocrx_word' id='word_1_33' title='bbox 1275 469 1411 508; x_wconf 82' lang='lat' dir='ltr'>valere</span> 
     </span>
     <span class='ocr_line' id='line_1_6' title="bbox 168 539 1412 592; baseline 0.003 -16"><span class='ocrx_word' id='word_1_34' title='bbox 168 544 189 576; x_wconf 88' lang='grc'><strong>3</strong></span> <span class='ocrx_word' id='word_1_35' title='bbox 206 542 423 590; x_wconf 87' lang='lat' dir='ltr'>potuisset.</span> <span class='ocrx_word' id='word_1_36' title='bbox 479 539 671 590; x_wconf 89' lang='lat' dir='ltr'>Diploma</span> <span class='ocrx_word' id='word_1_37' title='bbox 703 542 844 578; x_wconf 87' lang='lat' dir='ltr'>statim</span> <span class='ocrx_word' id='word_1_38' title='bbox 874 553 958 579; x_wconf 93' lang='lat' dir='ltr'>non</span> <span class='ocrx_word' id='word_1_39' title='bbox 989 545 1054 579; x_wconf 92' lang='lat' dir='ltr'>est</span> <span class='ocrx_word' id='word_1_40' title='bbox 1083 540 1256 586; x_wconf 80' lang='lat' dir='ltr'>datum3</span> <span class='ocrx_word' id='word_1_41' title='bbox 1301 540 1412 592; x_wconf 90' lang='lat' dir='ltr'>quod</span> 
     </span>
     <span class='ocr_line' id='line_1_7' title="bbox 206 610 1412 663; baseline 0.003 -16"><span class='ocrx_word' id='word_1_42' title='bbox 206 610 374 648; x_wconf 86' lang='lat' dir='ltr'>mirifica</span> <span class='ocrx_word' id='word_1_43' title='bbox 404 615 468 648; x_wconf 90' lang='lat' dir='ltr'>est</span> <span class='ocrx_word' id='word_1_44' title='bbox 495 611 735 661; x_wconf 78' lang='lat' dir='ltr'>improbitas</span> <span class='ocrx_word' id='word_1_45' title='bbox 764 613 807 649; x_wconf 92' lang='lat' dir='ltr'>in</span> <span class='ocrx_word' id='word_1_46' title='bbox 835 611 1094 662; x_wconf 90' lang='lat' dir='ltr'>quibusdam,</span> <span class='ocrx_word' id='word_1_47' title='bbox 1122 613 1193 663; x_wconf 93' lang='lat' dir='ltr'>qui</span> <span class='ocrx_word' id='word_1_48' title='bbox 1220 611 1412 656; x_wconf 80' lang='lat' dir='ltr'>tulissent</span> 
     </span>
     <span class='ocr_line' id='line_1_8' title="bbox 206 681 1411 734; baseline 0.002 -16"><span class='ocrx_word' id='word_1_49' title='bbox 206 681 390 719; x_wconf 87' lang='lat' dir='ltr'>acerbius</span> <span class='ocrx_word' id='word_1_50' title='bbox 410 683 573 719; x_wconf 85' lang='lat' dir='ltr'>veniam</span> <span class='ocrx_word' id='word_1_51' title='bbox 595 682 672 720; x_wconf 91' lang='lat' dir='ltr'>tibi</span> <span class='ocrx_word' id='word_1_52' title='bbox 694 682 796 727; x_wconf 89' lang='lat' dir='ltr'>dari,</span> <span class='ocrx_word' id='word_1_53' title='bbox 817 682 958 733; x_wconf 83' lang='lat' dir='ltr'>queml</span> <span class='ocrx_word' id='word_1_54' title='bbox 978 682 1035 720; x_wconf 90' lang='lat' dir='ltr'>illi</span> <span class='ocrx_word' id='word_1_55' title='bbox 1053 681 1264 734; x_wconf 88' lang='lat' dir='ltr'>appellant</span> <span class='ocrx_word' id='word_1_56' title='bbox 1287 681 1411 722; x_wconf 66' lang='lat' dir='ltr'>toabam</span> 
     </span>
     <span class='ocr_line' id='line_1_9' title="bbox 206 750 1411 805; baseline 0.002 -16"><span class='ocrx_word' id='word_1_57' title='bbox 206 750 293 790; x_wconf 78' lang='lat' dir='ltr'>belli</span> <span class='ocrx_word' id='word_1_58' title='bbox 312 751 445 798; x_wconf 83' lang='lat' dir='ltr'>civilis,</span> <span class='ocrx_word' id='word_1_59' title='bbox 467 751 681 804; x_wconf 90' lang='lat' dir='ltr'>multaque</span> <span class='ocrx_word' id='word_1_60' title='bbox 703 755 762 791; x_wconf 88' lang='lat' dir='ltr'>ita</span> <span class='ocrx_word' id='word_1_61' title='bbox 783 752 939 799; x_wconf 87' lang='lat' dir='ltr'>dicunt,</span> <span class='ocrx_word' id='word_1_62' title='bbox 961 755 1078 804; x_wconf 90' lang='lat' dir='ltr'>quasi</span> <span class='ocrx_word' id='word_1_63' title='bbox 1097 766 1180 792; x_wconf 90' lang='lat' dir='ltr'>non</span> <span class='ocrx_word' id='word_1_64' title='bbox 1200 753 1411 805; x_wconf 76' lang='lat' dir='ltr'>gaudeant</span> 
     </span>
     <span class='ocr_line' id='line_1_10' title="bbox 205 811 1410 877; baseline 0.001 -15"><span class='ocrx_word' id='word_1_65' title='bbox 205 823 248 862; x_wconf 93' lang='lat' dir='ltr'>id</span> <span class='ocrx_word' id='word_1_66' title='bbox 264 823 417 861; x_wconf 85' lang='lat' dir='ltr'>bellum</span> <span class='ocrx_word' id='word_1_67' title='bbox 433 823 635 861; x_wconf 88' lang='lat' dir='ltr'>incidisse.</span> <span class='ocrx_word' id='word_1_68' title='bbox 689 823 828 871; x_wconf 85' lang='lat' dir='ltr'>Quare</span> <span class='ocrx_word' id='word_1_69' title='bbox 845 826 976 862; x_wconf 89' lang='lat' dir='ltr'>visum</span> <span class='ocrx_word' id='word_1_70' title='bbox 993 829 1058 862; x_wconf 91' lang='lat' dir='ltr'>est</span> <span class='ocrx_word' id='word_1_71' title='bbox 1073 823 1269 863; x_wconf 81' lang='lat' dir='ltr'>occultius</span> <span class='ocrx_word' id='word_1_72' title='bbox 1287 811 1410 877; x_wconf 82' lang='lat' dir='ltr'>agen-</span> 
     </span>
     <span class='ocr_line' id='line_1_11' title="bbox 205 894 1410 946; baseline 0.001 -13"><span class='ocrx_word' id='word_1_73' title='bbox 205 894 318 939; x_wconf 89' lang='lat' dir='ltr'>dum,</span> <span class='ocrx_word' id='word_1_74' title='bbox 340 907 475 945; x_wconf 90' lang='lat' dir='ltr'>neque</span> <span class='ocrx_word' id='word_1_75' title='bbox 498 894 580 932; x_wconf 91' lang='lat' dir='ltr'>ullo</span> <span class='ocrx_word' id='word_1_76' title='bbox 602 894 723 932; x_wconf 89' lang='lat' dir='ltr'>modo</span> <span class='ocrx_word' id='word_1_77' title='bbox 746 894 1053 946; x_wconf 85' lang='lat' dir='ltr'>divulgandum,</span> <span class='ocrx_word' id='word_1_78' title='bbox 1075 895 1128 934; x_wconf 91' lang='lat' dir='ltr'>de</span> <span class='ocrx_word' id='word_1_79' title='bbox 1150 900 1195 934; x_wconf 88' lang='lat' dir='ltr'>te</span> <span class='ocrx_word' id='word_1_80' title='bbox 1215 898 1300 934; x_wconf 85' lang='lat' dir='ltr'>iam</span> <span class='ocrx_word' id='word_1_81' title='bbox 1320 902 1410 935; x_wconf 69' lang='lat' dir='ltr'>oese&#39;</span> 
     </span>
     <span class='ocr_line' id='line_1_12' title="bbox 205 964 1410 1019; baseline 0.002 -17"><span class='ocrx_word' id='word_1_82' title='bbox 205 964 449 1016; x_wconf 87' lang='lat' dir='ltr'>perfectum.</span> <span class='ocrx_word' id='word_1_83' title='bbox 515 964 596 1003; x_wconf 91' lang='lat' dir='ltr'>Sed</span> <span class='ocrx_word' id='word_1_84' title='bbox 622 965 664 1003; x_wconf 93' lang='lat' dir='ltr'>id</span> <span class='ocrx_word' id='word_1_85' title='bbox 691 968 768 1003; x_wconf 92' lang='lat' dir='ltr'>erit</span> <span class='ocrx_word' id='word_1_86' title='bbox 793 966 996 1016; x_wconf 87' lang='lat' dir='ltr'>perbrevi,</span> <span class='ocrx_word' id='word_1_87' title='bbox 1021 979 1098 1004; x_wconf 90' lang='lat' dir='ltr'>nec</span> <span class='ocrx_word' id='word_1_88' title='bbox 1124 966 1268 1005; x_wconf 87' lang='lat' dir='ltr'>dubito</span> <span class='ocrx_word' id='word_1_89' title='bbox 1297 969 1410 1019; x_wconf 88' lang='lat' dir='ltr'>quin,</span> 
     </span>
     <span class='ocr_line' id='line_1_13' title="bbox 207 1035 1410 1094; baseline 0.002 -20"><span class='ocrx_word' id='word_1_90' title='bbox 207 1035 375 1087; x_wconf 88' lang='lat' dir='ltr'>legente</span> <span class='ocrx_word' id='word_1_91' title='bbox 401 1041 445 1074; x_wconf 90' lang='lat' dir='ltr'>te</span> <span class='ocrx_word' id='word_1_92' title='bbox 471 1035 544 1074; x_wconf 84' lang='lat' dir='ltr'>has</span> <span class='ocrx_word' id='word_1_93' title='bbox 569 1036 743 1082; x_wconf 81' lang='lat' dir='ltr'>litteras,</span> <span class='ocrx_word' id='word_1_94' title='bbox 770 1036 958 1075; x_wconf 88' lang='lat' dir='ltr'>confecta</span> <span class='ocrx_word' id='word_1_95' title='bbox 983 1039 1064 1075; x_wconf 90' lang='lat' dir='ltr'>iam</span> <span class='ocrx_word' id='word_1_96' title='bbox 1089 1050 1155 1076; x_wconf 88' lang='lat' dir='ltr'>res</span> <span class='ocrx_word' id='word_1_97' title='bbox 1179 1036 1319 1094; x_wconf 83' lang='lat' dir='ltr'>futura</span> <span class='ocrx_word' id='word_1_98' title='bbox 1343 1039 1410 1079; x_wconf 81' lang='lat' dir='ltr'>sit.</span> 
     </span>
     <span class='ocr_line' id='line_1_14' title="bbox 207 1106 1411 1158; baseline 0.002 -12"><span class='ocrx_word' id='word_1_99' title='bbox 207 1106 341 1146; x_wconf 90' lang='lat' dir='ltr'>Pansa</span> <span class='ocrx_word' id='word_1_100' title='bbox 357 1107 524 1158; x_wconf 88' lang='lat' dir='ltr'>quidem</span> <span class='ocrx_word' id='word_1_101' title='bbox 540 1107 653 1153; x_wconf 90' lang='lat' dir='ltr'>mihi,</span> <span class='ocrx_word' id='word_1_102' title='bbox 669 1109 803 1158; x_wconf 87' lang='lat' dir='ltr'>gravis</span> <span class='ocrx_word' id='word_1_103' title='bbox 819 1107 940 1146; x_wconf 91' lang='lat' dir='ltr'>homo</span> <span class='ocrx_word' id='word_1_104' title='bbox 958 1113 1002 1146; x_wconf 87' lang='lat' dir='ltr'>et</span> <span class='ocrx_word' id='word_1_105' title='bbox 1017 1113 1168 1154; x_wconf 86' lang='lat' dir='ltr'>certus,</span> <span class='ocrx_word' id='word_1_106' title='bbox 1183 1121 1266 1147; x_wconf 89' lang='lat' dir='ltr'>non</span> <span class='ocrx_word' id='word_1_107' title='bbox 1281 1107 1411 1148; x_wconf 87' lang='lat' dir='ltr'>solum</span> 
     </span>
     <span class='ocr_line' id='line_1_15' title="bbox 207 1171 1411 1230; baseline 0.003 -15"><span class='ocrx_word' id='word_1_108' title='bbox 207 1178 475 1223; x_wconf 90' lang='lat' dir='ltr'>confirmavit,</span> <span class='ocrx_word' id='word_1_109' title='bbox 513 1191 655 1216; x_wconf 90' lang='lat' dir='ltr'>verum</span> <span class='ocrx_word' id='word_1_110' title='bbox 695 1181 821 1216; x_wconf 90' lang='lat' dir='ltr'>etiam</span> <span class='ocrx_word' id='word_1_111' title='bbox 857 1181 1028 1230; x_wconf 86' lang='lat' dir='ltr'>recepit,</span> <span class='ocrx_word' id='word_1_112' title='bbox 1066 1171 1339 1230; x_wconf 38' lang='lat' dir='ltr'>perceleriter*</span> <span class='ocrx_word' id='word_1_113' title='bbox 1366 1193 1411 1219; x_wconf 87' lang='lat' dir='ltr'>se</span> 
     </span>
     <span class='ocr_line' id='line_1_16' title="bbox 207 1248 1411 1300; baseline 0.003 -14"><span class='ocrx_word' id='word_1_114' title='bbox 207 1249 441 1287; x_wconf 88' lang='lat' dir='ltr'>ablaturum</span> <span class='ocrx_word' id='word_1_115' title='bbox 462 1248 653 1300; x_wconf 90' lang='lat' dir='ltr'>diploma.</span> <span class='ocrx_word' id='word_1_116' title='bbox 710 1249 815 1287; x_wconf 91' lang='lat' dir='ltr'>Mihi</span> <span class='ocrx_word' id='word_1_117' title='bbox 836 1254 978 1288; x_wconf 88' lang='lat' dir='ltr'>tamen</span> <span class='ocrx_word' id='word_1_118' title='bbox 997 1249 1152 1300; x_wconf 81' lang='lat' dir='ltr'>placuit</span> <span class='ocrx_word' id='word_1_119' title='bbox 1171 1249 1273 1289; x_wconf 83' lang='lat' dir='ltr'>haec</span> <span class='ocrx_word' id='word_1_120' title='bbox 1294 1250 1349 1290; x_wconf 82' lang='lat' dir='ltr'>ad</span> <span class='ocrx_word' id='word_1_121' title='bbox 1366 1255 1411 1290; x_wconf 87' lang='lat' dir='ltr'>te</span> 
     </span>
     <span class='ocr_line' id='line_1_17' title="bbox 206 1319 1411 1372; baseline 0.002 -15"><span class='ocrx_word' id='word_1_122' title='bbox 206 1320 415 1372; x_wconf 84' lang='lat' dir='ltr'>perscribi.</span> <span class='ocrx_word' id='word_1_123' title='bbox 471 1320 610 1357; x_wconf 90' lang='lat' dir='ltr'>Minus</span> <span class='ocrx_word' id='word_1_124' title='bbox 637 1322 747 1358; x_wconf 89' lang='lat' dir='ltr'>enim</span> <span class='ocrx_word' id='word_1_125' title='bbox 771 1326 815 1358; x_wconf 88' lang='lat' dir='ltr'>te</span> <span class='ocrx_word' id='word_1_126' title='bbox 840 1319 1002 1358; x_wconf 89' lang='lat' dir='ltr'>firmum</span> <span class='ocrx_word' id='word_1_127' title='bbox 1026 1333 1160 1360; x_wconf 88' lang='lat' dir='ltr'>sermo</span> <span class='ocrx_word' id='word_1_128' title='bbox 1184 1321 1411 1372; x_wconf 79' lang='lat' dir='ltr'>Eppuleiae</span> 
     </span>
     <span class='ocr_line' id='line_1_18' title="bbox 208 1390 1412 1444; baseline 0.002 -16"><span class='ocrx_word' id='word_1_129' title='bbox 208 1397 306 1429; x_wconf 91' lang='lat' dir='ltr'>tuae</span> <span class='ocrx_word' id='word_1_130' title='bbox 327 1390 600 1442; x_wconf 88' lang='lat' dir='ltr'>lacrimaeque</span> <span class='ocrx_word' id='word_1_131' title='bbox 623 1392 797 1442; x_wconf 90' lang='lat' dir='ltr'>Ampiae</span> <span class='ocrx_word' id='word_1_132' title='bbox 818 1391 1097 1438; x_wconf 87' lang='lat' dir='ltr'>declarabant,</span> <span class='ocrx_word' id='word_1_133' title='bbox 1118 1405 1242 1443; x_wconf 89' lang='lat' dir='ltr'>quam</span> <span class='ocrx_word' id='word_1_134' title='bbox 1262 1391 1412 1444; x_wconf 85' lang='lat' dir='ltr'>signifi-</span> 
     </span>
     <span class='ocr_line' id='line_1_19' title="bbox 207 1461 1411 1513; baseline 0.002 -14"><span class='ocrx_word' id='word_1_135' title='bbox 207 1467 304 1500; x_wconf 90' lang='lat' dir='ltr'>cant</span> <span class='ocrx_word' id='word_1_136' title='bbox 321 1467 419 1500; x_wconf 91' lang='lat' dir='ltr'>tuae</span> <span class='ocrx_word' id='word_1_137' title='bbox 436 1461 615 1500; x_wconf 86' lang='lat' dir='ltr'>litterae.</span> <span class='ocrx_word' id='word_1_138' title='bbox 670 1462 810 1513; x_wconf 91' lang='lat' dir='ltr'>Atque</span> <span class='ocrx_word' id='word_1_139' title='bbox 828 1462 921 1500; x_wconf 89' lang='lat' dir='ltr'>illae</span> <span class='ocrx_word' id='word_1_140' title='bbox 940 1462 1259 1508; x_wconf 88' lang='lat' dir='ltr'>arbitrabantur,</span> <span class='ocrx_word' id='word_1_141' title='bbox 1276 1476 1370 1502; x_wconf 87' lang='lat' dir='ltr'>cum</span> <span class='ocrx_word' id='word_1_142' title='bbox 1386 1476 1411 1502; x_wconf 83' lang='lat' dir='ltr'>a</span> 
     </span>
     <span class='ocr_line' id='line_1_20' title="bbox 208 1532 1410 1584; baseline 0.002 -14"><span class='ocrx_word' id='word_1_143' title='bbox 208 1538 252 1571; x_wconf 86' lang='lat' dir='ltr'>te</span> <span class='ocrx_word' id='word_1_144' title='bbox 271 1533 464 1571; x_wconf 85' lang='lat' dir='ltr'>abessent</span> <span class='ocrx_word' id='word_1_145' title='bbox 480 1535 607 1584; x_wconf 89' lang='lat' dir='ltr'>ipsae,</span> <span class='ocrx_word' id='word_1_146' title='bbox 626 1533 756 1571; x_wconf 88' lang='lat' dir='ltr'>multo</span> <span class='ocrx_word' id='word_1_147' title='bbox 775 1535 816 1570; x_wconf 93' lang='lat' dir='ltr'>in</span> <span class='ocrx_word' id='word_1_148' title='bbox 834 1535 1019 1584; x_wconf 86' lang='lat' dir='ltr'>graviore</span> <span class='ocrx_word' id='word_1_149' title='bbox 1037 1538 1081 1571; x_wconf 89' lang='lat' dir='ltr'>te</span> <span class='ocrx_word' id='word_1_150' title='bbox 1099 1546 1195 1571; x_wconf 87' lang='lat' dir='ltr'>cura</span> <span class='ocrx_word' id='word_1_151' title='bbox 1212 1532 1410 1573; x_wconf 82' lang='lat' dir='ltr'>futurum.</span> 
     </span>
     <span class='ocr_line' id='line_1_21' title="bbox 208 1590 1411 1656; baseline 0.002 -15"><span class='ocrx_word' id='word_1_152' title='bbox 208 1604 345 1652; x_wconf 82' lang='lat' dir='ltr'>Quare</span> <span class='ocrx_word' id='word_1_153' title='bbox 371 1617 521 1654; x_wconf 87' lang='lat' dir='ltr'>magno</span> <span class='ocrx_word' id='word_1_154' title='bbox 544 1590 668 1654; x_wconf 81' lang='lat' dir='ltr'>opere</span> <span class='ocrx_word' id='word_1_155' title='bbox 694 1617 718 1642; x_wconf 87' lang='lat' dir='ltr'>e</span> <span class='ocrx_word' id='word_1_156' title='bbox 739 1603 802 1641; x_wconf 86' lang='lat' dir='ltr'>re²</span> <span class='ocrx_word' id='word_1_157' title='bbox 826 1606 983 1654; x_wconf 86' lang='lat' dir='ltr'>putavi,</span> <span class='ocrx_word' id='word_1_158' title='bbox 1004 1606 1166 1656; x_wconf 86' lang='lat' dir='ltr'>angoris</span> <span class='ocrx_word' id='word_1_159' title='bbox 1195 1609 1240 1643; x_wconf 91' lang='lat' dir='ltr'>et</span> <span class='ocrx_word' id='word_1_160' title='bbox 1264 1604 1411 1643; x_wconf 82' lang='lat' dir='ltr'>doloris</span> 
     </span>
     <span class='ocr_line' id='line_1_22' title="bbox 207 1673 1410 1726; baseline 0.001 -13"><span class='ocrx_word' id='word_1_161' title='bbox 207 1677 269 1713; x_wconf 91' lang='lat' dir='ltr'>tui</span> <span class='ocrx_word' id='word_1_162' title='bbox 294 1674 457 1712; x_wconf 86' lang='lat' dir='ltr'>levandi</span> <span class='ocrx_word' id='word_1_163' title='bbox 483 1688 619 1720; x_wconf 89' lang='lat' dir='ltr'>causa,</span> <span class='ocrx_word' id='word_1_164' title='bbox 645 1687 719 1725; x_wconf 87' lang='lat' dir='ltr'>pro</span> <span class='ocrx_word' id='word_1_165' title='bbox 746 1677 867 1713; x_wconf 88' lang='lat' dir='ltr'>certis</span> <span class='ocrx_word' id='word_1_166' title='bbox 894 1673 949 1713; x_wconf 89' lang='lat' dir='ltr'>ad</span> <span class='ocrx_word' id='word_1_167' title='bbox 974 1680 1018 1713; x_wconf 92' lang='lat' dir='ltr'>te</span> <span class='ocrx_word' id='word_1_168' title='bbox 1046 1687 1109 1720; x_wconf 89' lang='lat' dir='ltr'>ea,</span> <span class='ocrx_word' id='word_1_169' title='bbox 1137 1687 1243 1726; x_wconf 88' lang='lat' dir='ltr'>quae</span> <span class='ocrx_word' id='word_1_170' title='bbox 1272 1681 1410 1714; x_wconf 83' lang='lat' dir='ltr'>essent</span> 
     </span>
     <span class='ocr_line' id='line_1_23' title="bbox 168 1745 1409 1796; baseline 0.002 -13"><span class='ocrx_word' id='word_1_171' title='bbox 168 1752 190 1783; x_wconf 84' lang='lat'>4</span> <span class='ocrx_word' id='word_1_172' title='bbox 208 1751 334 1791; x_wconf 89' lang='lat' dir='ltr'>certa,</span> <span class='ocrx_word' id='word_1_173' title='bbox 353 1746 547 1796; x_wconf 90' lang='lat' dir='ltr'>perscribi</span> <span class='ocrx_word' id='word_1_174' title='bbox 567 1751 771 1796; x_wconf 87' lang='lat' dir='ltr'>oportere.</span> <span class='ocrx_word' id='word_1_175' title='bbox 825 1745 923 1791; x_wconf 90' lang='lat' dir='ltr'>Scis,</span> <span class='ocrx_word' id='word_1_176' title='bbox 942 1758 1010 1784; x_wconf 92' lang='lat' dir='ltr'>me</span> <span class='ocrx_word' id='word_1_177' title='bbox 1029 1750 1154 1784; x_wconf 82' lang='lat' dir='ltr'>antea</span> <span class='ocrx_word' id='word_1_178' title='bbox 1173 1748 1228 1784; x_wconf 91' lang='lat' dir='ltr'>sic</span> <span class='ocrx_word' id='word_1_179' title='bbox 1247 1746 1409 1787; x_wconf 86' lang='lat' dir='ltr'>solitum</span> 
     </span>
    </p>
   </div>
   <div class='ocr_carea' id='block_1_3' title="bbox 532 1847 1091 1934">
    <p class='ocr_par' dir='ltr' id='par_1_3' title="bbox 532 1847 1091 1934">
     <span class='ocr_line' id='line_1_24' title="bbox 638 1847 974 1891; baseline 0 -10"><span class='ocrx_word' id='word_1_180' title='bbox 638 1847 651 1868; x_wconf 84' lang='lat'>²</span> <span class='ocrx_word' id='word_1_181' title='bbox 678 1847 730 1881; x_wconf 75' lang='lat' dir='ltr'>G:</span> <span class='ocrx_word' id='word_1_182' title='bbox 756 1859 866 1891; x_wconf 88' lang='lat' dir='ltr'>quam</span> <span class='ocrx_word' id='word_1_183' title='bbox 885 1847 974 1881; x_wconf 79' lang='lat' dir='ltr'>MR.</span> 
     </span>
     <span class='ocr_line' id='line_1_25' title="bbox 532 1891 1091 1934; baseline 0.002 -10"><span class='ocrx_word' id='word_1_184' title='bbox 532 1891 545 1911; x_wconf 78' lang='lat'>²</span> <span class='ocrx_word' id='word_1_185' title='bbox 569 1902 588 1925; x_wconf 94' lang='lat' dir='ltr'>e</span> <span class='ocrx_word' id='word_1_186' title='bbox 604 1903 641 1925; x_wconf 90' lang='lat' dir='ltr'>re</span> <span class='ocrx_word' id='word_1_187' title='bbox 656 1892 773 1924; x_wconf 82' lang='lat' dir='ltr'>added</span> <span class='ocrx_word' id='word_1_188' title='bbox 789 1892 831 1934; x_wconf 77' lang='lat' dir='ltr'>by</span> <span class='ocrx_word' id='word_1_189' title='bbox 851 1891 1091 1926; x_wconf 69' lang='lat' dir='ltr'>Guilielmiue.</span> 
     </span>
    </p>
   </div>
   <div class='ocr_carea' id='block_1_4' title="bbox 209 2009 1407 2087">
    <p class='ocr_par' dir='ltr' id='par_1_4' title="bbox 209 2009 1407 2087">
     <span class='ocr_line' id='line_1_26' title="bbox 256 2009 1407 2056; baseline 0.003 -13"><span class='ocrx_word' id='word_1_190' title='bbox 256 2016 271 2032; x_wconf 84' lang='lat'>⁴²</span> <span class='ocrx_word' id='word_1_191' title='bbox 298 2011 338 2043; x_wconf 75' lang='lat' dir='ltr'>L.</span> <span class='ocrx_word' id='word_1_192' title='bbox 358 2011 482 2043; x_wconf 86' lang='lat' dir='ltr'>Tillius</span> <span class='ocrx_word' id='word_1_193' title='bbox 501 2009 657 2048; x_wconf 84' lang='lat' dir='ltr'>Cimber,</span> <span class='ocrx_word' id='word_1_194' title='bbox 676 2020 698 2042; x_wconf 85' lang='lat' dir='ltr'>a</span> <span class='ocrx_word' id='word_1_195' title='bbox 717 2009 832 2042; x_wconf 85' lang='lat' dir='ltr'>friend</span> <span class='ocrx_word' id='word_1_196' title='bbox 852 2009 892 2042; x_wconf 85' lang='lat' dir='ltr'>of</span> <span class='ocrx_word' id='word_1_197' title='bbox 908 2009 1050 2048; x_wconf 81' lang='lat' dir='ltr'>Caesar,</span> <span class='ocrx_word' id='word_1_198' title='bbox 1070 2009 1136 2044; x_wconf 84' lang='lat' dir='ltr'>but</span> <span class='ocrx_word' id='word_1_199' title='bbox 1153 2010 1407 2056; x_wconf 84' lang='lat' dir='ltr'>subsequently</span> 
     </span>
     <span class='ocr_line' id='line_1_27' title="bbox 209 2053 630 2087; baseline -0.002 0"><span class='ocrx_word' id='word_1_200' title='bbox 209 2065 276 2087; x_wconf 89' lang='lat' dir='ltr'>one</span> <span class='ocrx_word' id='word_1_201' title='bbox 293 2055 333 2087; x_wconf 92' lang='lat' dir='ltr'>of</span> <span class='ocrx_word' id='word_1_202' title='bbox 347 2055 401 2087; x_wconf 91' lang='lat' dir='ltr'>his</span> <span class='ocrx_word' id='word_1_203' title='bbox 419 2053 630 2087; x_wconf 88' lang='lat' dir='ltr'>murderers.</span> 
     </span>
    </p>
   </div>
   <div class='ocr_carea' id='block_1_5' title="bbox 210 2111 288 2150">
    <p class='ocr_par' dir='ltr' id='par_1_5' title="bbox 210 2111 288 2150">
     <span class='ocr_line' id='line_1_28' title="bbox 210 2111 288 2150; baseline 0 -6"><span class='ocrx_word' id='word_1_204' title='bbox 210 2111 288 2150; x_wconf 82' lang='lat'>490</span> 
     </span>
    </p>
   </div>
  </div>
 </body>
</html>
