1442 2392
679 130 882 170 CICERO

172 235 298 284 ipsius
315 233 499 273 Caesaris
515 247 717 273 summam
733 249 832 287 erga
849 249 921 274 nos
938 235 1255 275 humanitatem.
1303 234 1384 274 Sed

175 325 225 351 ea
255 313 346 364 plus
377 326 459 352 non
490 318 644 364 potest,
672 327 796 366 quam
828 317 886 353 vis
919 320 963 353 et
993 317 1172 354 mutatio
1202 316 1384 353 omnium

172 404 309 430 rerum
349 397 476 444 atque
515 398 763 444 temporum.
819 393 968 445 Itaque
1009 393 1131 432 orbus
1171 395 1220 433 iis
1261 393 1383 432 rebus

173 471 375 517 omnibus,
405 472 552 522 quibus
582 477 627 510 et
654 477 803 510 natura
822 485 889 511 me
919 478 964 511 et
996 472 1184 511 voluntas
1218 477 1263 511 et
1289 485 1384 512 con-

173 550 350 588 suetudo
370 549 661 596 assuefecerat,
681 564 774 589 eum
793 554 955 597 ceteris,
975 557 1023 590 ut
1042 551 1210 603 quidem
1228 550 1382 598 videor,

172 633 262 667 tum
288 628 387 666 mihi
412 631 500 680 ipse
527 629 734 680 displiceo.
801 630 932 669 Natus
959 633 1069 668 enim
1096 630 1150 668 ad
1174 630 1395 682 agendum‘

171 720 334 759 semper
357 707 511 759 aliquid
534 708 704 760 dignum
728 711 826 755 viro,
850 723 958 747 nunc
981 722 1063 747 non
1085 709 1208 748 modo
1231 708 1381 761 agendi

170 789 374 825 rationem
389 787 544 825 nullam
561 786 708 834 habeo,
723 788 797 826 sed
814 800 866 825 ne
883 788 1092 840 cogitandi
1109 787 1276 839 quidem
1290 800 1301 834 ;
1322 793 1380 834 et,

171 868 241 917 qui
262 872 387 905 antea
401 872 475 905 aut
493 867 672 905 obscuris
693 866 939 913 hominibus,
954 873 1028 906 aut
1048 869 1175 906 etiam
1196 867 1379 906 sontibus

171 944 362 996 opitulari
402 951 605 996 poteram,
642 959 750 984 nunc
788 945 835 985 P.
873 946 1051 998 Nigidio,
1084 949 1156 985 uni
1198 948 1380 985 omnium

170 1024 405 1063 doctissimo
420 1030 464 1063 et
477 1027 746 1071 sanctissimo,
761 1031 805 1064 et
817 1027 998 1064 maxima
1012 1025 1219 1077 quondam
1231 1027 1380 1077 gratia,

171 1109 216 1142 et
231 1103 331 1141 mihi
347 1109 460 1142 certe
478 1106 735 1150 amicissimo,
752 1117 804 1142 ne
821 1105 1000 1156 benigne
1017 1105 1185 1156 quidem
1199 1104 1379 1156 polliceri

169 1195 349 1234 possum.
403 1182 513 1234 Ergo
545 1182 622 1221 hoe
654 1189 844 1234 ereptum
877 1189 941 1222 est
971 1183 1203 1222 litterarum
1233 1191 1379 1235 genus.

170 1261 390 1313 Reliquum
417 1267 495 1308 est,
522 1267 571 1300 ut
596 1262 780 1300 consoler
807 1267 851 1301 et
878 1261 1045 1301 afferam
1070 1265 1265 1308 rationes,
1291 1247 1379 1314 qui-

170 1341 246 1379 bus
273 1346 317 1379 te
346 1354 371 1378 a
398 1340 595 1379 molestiis
623 1354 746 1379 coner
774 1341 993 1380 abducere.
1047 1341 1107 1380 At
1134 1354 1185 1380 ea
1211 1340 1378 1393 quidem

169 1418 343 1458 facultas
368 1419 433 1458 vel
457 1422 520 1458 tui
544 1419 610 1458 vel
634 1420 801 1458 alterius
826 1420 1061 1459 consolandi
1083 1422 1128 1459 in
1150 1426 1195 1459 te
1219 1433 1379 1459 summa

169 1504 248 1545 est,
261 1501 294 1537 si
307 1512 503 1550 umquam
515 1501 558 1536 in
571 1498 653 1537 ullo
665 1497 758 1537 fuit.
813 1498 962 1550 Itaque
977 1511 1069 1538 eam
1080 1505 1258 1550 partem,
1270 1511 1377 1551 quae

169 1578 222 1616 ab
239 1580 445 1629 exquisita
462 1577 640 1629 quadam
656 1580 817 1616 ratione
835 1584 879 1616 et
896 1577 1082 1617 doctrina
1097 1577 1378 1630 proficiscitur,

168 1670 251 1695 non
270 1659 499 1708 attingam;
527 1657 603 1695 tibi
622 1662 755 1695 totam
774 1657 1018 1708 relinquam.
1074 1656 1185 1705 Quid
1205 1659 1260 1696 sit
1280 1656 1377 1696 forti

169 1741 214 1775 et
238 1738 415 1787 sapienti
443 1735 607 1774 homine
628 1735 813 1787 dignum,
833 1735 933 1787 quid
952 1739 1146 1788 gravitas,
1167 1736 1267 1788 quid
1287 1735 1378 1775 alti-

167 1815 270 1854 tudo
285 1817 423 1861 animi,
438 1814 538 1866 quid
552 1820 645 1852 acta
658 1820 733 1852 tua
747 1817 846 1860 vita,
860 1814 961 1866 quid
974 1814 1125 1861 studia,
1140 1814 1239 1866 quid
1253 1820 1377 1862 artes,

168 1895 315 1946 quibus
338 1908 362 1932 a
384 1896 562 1945 pueritia
584 1892 769 1940 floruisti,
793 1907 817 1931 a
840 1899 883 1931 te
907 1893 1112 1944 flagitent,
1136 1899 1183 1932 tu
1206 1893 1377 1933 videbis.

167 1973 271 2025 Ego,
291 1973 401 2025 quod
419 1972 662 2025 intellegere
682 1978 727 2011 et
745 1975 914 2019 sentire,
933 1975 1030 2024 quia
1047 1985 1137 2011 sum
1158 1971 1313 2012 Romae
1332 1978 1377 2012 et

172 2095 249 2130 808
