1442 2392
126 527 144 562 1

672 129 875 168 CICERO

734 250 815 289 VII

394 351 441 380 Μ.
467 352 507 377 Τ.
534 352 569 377 C.
596 350 630 377 S.
658 351 698 376 D.
726 351 764 377 P.
791 350 970 377 LENTULO
996 349 1157 378 PRocos.

382 425 532 464 Eodem,
549 436 621 468 quo
638 428 748 464 sexta,
765 428 806 458 ut
820 424 973 464 videtur,
990 435 1087 458 anno
1104 435 1170 458 scr.

227 518 332 572 Legi
360 526 453 559 tuas
481 519 655 565 litteras,
685 520 831 571 quibus
860 519 914 557 ad
942 531 1009 557 me
1043 519 1181 557 scribis
1215 524 1379 571 gratum

178 592 254 630 tibi
274 604 377 637 esse,
397 590 508 642 quod
525 590 667 628 crebro
686 592 834 628 certior
852 603 926 641 per
943 602 1010 628 me
1030 589 1102 628 fias
1121 590 1173 628 de
1193 589 1380 628 omnibus

177 663 314 707 rebus,
344 667 389 700 et
417 674 554 700 meam
584 674 682 713 erga
710 666 754 699 te
783 660 1114 699 benevolentiam
1142 659 1261 699 facile
1290 673 1382 712 per-

179 735 323 784 spicias
341 745 352 779 ;
408 745 582 784 quorum
624 731 799 770 alterum
839 731 952 777 mihi,
992 737 1040 770 ut
1078 737 1123 770 te
1163 730 1383 783 plurimum

181 804 363 856 diligam,
385 802 521 841 facere
545 815 712 841 necesse
736 808 814 848 est,
837 804 870 840 si
893 801 982 841 volo
1004 804 1038 840 is
1062 815 1166 848 esse,
1189 815 1314 854 quem
1334 807 1383 841 tu

180 888 248 914 me
266 887 355 912 esse
372 874 534 912 voluisti
552 886 562 920 ;
595 873 770 912 alterum
786 872 891 911 facio
906 873 1098 919 libenter,
1114 879 1176 919 ut,
1192 875 1384 925 quoniam

181 945 396 984 intervallo
415 945 595 983 locorum
615 950 660 983 et
678 950 911 995 temporum
931 943 1121 983 disiuncti
1140 957 1293 991 sumus,
1311 956 1386 997 per

180 1016 340 1055 litteras
364 1021 503 1054 tecum
528 1029 652 1067 quam
676 1017 911 1066 saepissime
935 1014 1154 1066 colloquar.
1208 1014 1330 1063 Quod
1350 1017 1386 1054 si

182 1090 310 1126 rarius
330 1087 416 1132 fiet,
436 1100 560 1138 quam
578 1092 626 1125 tu
645 1087 919 1137 exspectabis,
937 1085 981 1124 id
999 1088 1078 1125 erit
1096 1098 1258 1132 causae,
1276 1085 1387 1137 quod

183 1172 265 1197 non
289 1161 375 1197 eius
399 1160 561 1210 generis
584 1170 703 1196 meae
726 1157 891 1195 litterae
915 1162 1025 1202 sunt,
1048 1162 1096 1195 ut
1119 1169 1188 1195 eas
1212 1156 1387 1196 audeam

182 1235 341 1269 temere
385 1231 657 1267 committere.
711 1227 883 1275 Quoties
927 1227 1026 1265 mihi
1069 1233 1274 1266 certorum
1316 1227 1387 1267 ho-

183 1303 340 1339 minum
359 1305 544 1351 potestas
565 1301 658 1345 erit,
678 1299 824 1350 quibus
843 1304 956 1337 recte
976 1298 1086 1344 dem,
1105 1311 1188 1337 non
1205 1304 1388 1350 praeter·

137 1377 160 1410 2
182 1374 362 1410 mittam.
416 1370 538 1418 Quod
566 1372 667 1408 scire
687 1371 759 1415 vis,
777 1382 858 1420 qua
882 1371 1054 1420 quisque
1082 1371 1125 1407 in
1152 1374 1197 1408 te
1225 1369 1306 1408 fide
1334 1371 1388 1409 sit

184 1448 229 1481 et
255 1441 483 1486 voluntate,
511 1439 670 1478 difficile
699 1440 812 1478 dictu
841 1445 905 1478 est
932 1439 984 1478 de
1012 1439 1193 1492 singulis.
1247 1439 1387 1479 Unum

182 1512 284 1551 illud
309 1512 457 1558 audeo,
483 1511 594 1563 quod
619 1516 743 1554 antea
768 1512 844 1549 tibi
870 1523 994 1562 saepe
1019 1510 1255 1562 significavi,
1279 1524 1388 1550 nuuc

184 1596 363 1635 quoque,
395 1595 440 1620 re
474 1587 692 1633 perspecta
730 1587 774 1620 et
811 1583 990 1633 cognita,
1023 1581 1388 1629 scribere,—vehe-

184 1660 347 1693 menter
369 1653 569 1705 quosdam
590 1652 790 1698 homines,
812 1657 857 1708 et
879 1665 948 1690 eos
970 1654 1162 1698 maxime,
1184 1654 1255 1704 qui
1276 1658 1320 1692 te
1342 1658 1387 1692 et

184 1727 364 1764 maxime
395 1723 629 1762 debuerunt
659 1729 703 1761 et
733 1722 951 1774 plurimum
980 1725 1119 1761 iuvare
1148 1727 1387 1774 potuerunt,

185 1795 376 1834 invidisse
412 1794 607 1846 dignitati
641 1799 755 1839 tuae,
790 1793 1116 1845 simillimamque
1150 1795 1194 1831 in
1227 1806 1272 1832 re
1308 1794 1388 1834 dis-

186 1866 305 1905 simili
333 1868 395 1904 tui
423 1867 619 1916 temporis
647 1876 756 1902 nunc
785 1869 830 1902 et
863 1866 990 1903 nostri
1023 1863 1230 1916 quondam
1261 1863 1386 1904 fuisse

184 1939 415 1982 rationem3
462 1941 524 1981 ut,
556 1948 657 1987 quos
688 1941 735 1974 tu
766 1934 1013 1986 reipublicae
1044 1947 1166 1974 causa
1195 1934 1387 1983 laeseras,

184 2007 321 2061 palam
380 2012 425 2046 te
485 2011 787 2058 oppugnarent,
846 2019 1019 2057 quorum
1082 2008 1386 2050 auctoritatem.

190 2070 241 2109 26
