1442 2392
130 879 171 912 16

700 171 904 212 CICERO

197 290 280 315 non
304 289 444 315 meum
468 282 784 314 monumentum
810 276 908 328 (non
933 278 1044 315 enim
1067 275 1163 315 illae
1186 275 1406 315 manubiae

196 344 331 377 meae,
355 331 429 369 sed
452 333 586 382 operis
610 330 758 369 locatio
782 344 877 369 mea
899 330 1068 382 fuerat),
1091 335 1406 370 monumentum

198 399 294 423 vero
333 391 501 423 senatus
540 384 678 423 hostili
716 388 881 423 nomine
921 391 966 424 et
1003 388 1184 424 cruentis
1221 388 1406 424 inustum

197 439 345 478 litteris
360 452 449 478 esse
463 442 572 490 passi
585 445 695 478 sunt.
749 439 831 487 Qui
843 451 911 477 me
925 439 1111 478 homines
1125 439 1236 491 quod
1249 439 1406 478 salvum

198 507 288 532 esse
319 494 550 539 voluerunt,
581 499 646 531 est
675 493 774 531 mihi
804 496 1110 545 gratissimum;
1154 493 1229 532 sed
1257 491 1406 532 vellendi

198 562 280 586 non
300 548 430 586 solum
452 547 594 586 salutis
614 561 748 594 meae,
769 548 1116 599 quemadmodum
1135 546 1406 594 medici,-s'ed;

198 608 246 641 ut
271 603 439 653 aliptae,
465 605 592 640 etiam
618 605 763 640 virium
789 608 833 640 et
858 602 1000 640 coloris
1024 605 1228 641 rationem
1253 602 1406 640 habere

198 657 421 695 voluissent
440 670 448 694 :
479 670 601 702 nune,
617 662 664 695 ut
679 657 847 707 Apelles
862 656 1033 695 Veneris
1047 662 1174 708 caput
1189 662 1233 695 et
1247 668 1407 695 summa

197 714 374 762 pectoris
404 710 646 761 politissima
676 717 766 749 arte
795 710 985 762 perfecit,
1014 711 1215 763 reliquam
1244 710 1407 762 partein

198 768 375 816 corporis
402 765 637 803 inchoatam
664 765 845 816 reliquit,
873 769 929 804 sic
957 766 1125 817 quidam
1148 765 1338 804 ‘hominen
1359 768 1407 804 in

197 823 334 871 capite
359 832 453 858 meo
478 819 609 858 solum
635 820 912 866 elaborarunt,
935 820 1139 872 reliquum
1164 833 1309 871 corpus
1331 822 1408 858 im*-

196 874 430 926 perfectum
460 888 507 912 ac
537 874 639 912 rude
668 874 938 926 reliquerunt.
991 874 1041 912 In
1071 887 1154 926 quo
1183 887 1261 926 ego
1290 879 1407 926 spem

197 928 326 967 fefelli
355 942 438 967 non
467 929 590 966 modo
619 929 863 974 invidorum,
880 929 967 967 *sed
997 932 1124 967 etiam
1152 931 1408 968 inimicorum

198 996 398 1030 meorum,
436 986 506 1034 qui
544 983 596 1021 de
630 997 711 1021 uno
750 986 946 1022 acerrimo
984 989 1029 1022 et
1065 982 1286 1022 fortissimo
1321 985 1407 1022 viro

197 1051 375 1088 meoque
400 1038 549 1075 iudicio
574 1040 757 1075 omnium
782 1038 1068 1089 magnitudine
1093 1040 1219 1076 animi
1245 1043 1289 1076 et
1313 1050 1409 1076 con'-

198 1095 353 1130 stantia
401 1094 769 1142 praestantissimo,
819 1092 870 1140 Q.
922 1091 1112 1138 Metello,
1161 1091 1263 1131 Luci
1310 1091 1407 1138 filim

198 1147 407 1198 quondam
430 1145 575 1184 falsam
599 1149 833 1197 opinionem
856 1152 1130 1198 acceperant3
1162 1143 1292 1198 *quem
1313 1151 1409 1198 post

198 1201 379 1238 reditum
407 1201 602 1238 dictitant
629 1199 761 1239 fracto
789 1203 925 1239 animo
954 1206 1000 1239 et
1025 1199 1410 1239 demisso-fuisse—

199 1261 264 1293 est
278 1268 374 1293 vero
387 1255 659 1305 probandum,
673 1258 744 1306 qui
763 1261 808 1293 et
826 1268 987 1293 summa
999 1253 1213 1294 voluntate
1225 1252 1409 1302 cesserit,

199 1315 244 1348 et
258 1312 426 1360 egregia
440 1312 565 1347 animi
578 1309 792 1347 alacritate
806 1308 1000 1355 abfuerit,
1012 1311 1152 1360 neque'
1162 1321 1261 1348 sane
1274 1309 1409 1348 redire

198 1366 365 1409 curarit,
387 1377 482 1401 eum
503 1364 556 1401 ob
576 1363 619 1401 id
638 1366 773 1414 ipsum
793 1363 971 1402 fractum
989 1363 1130 1410 fuisse,
1149 1366 1193 1402 in
1213 1377 1295 1416 quo
1315 1374 1409 1403 cum

199 1431 342 1456 omnes
365 1417 565 1464 homines,
589 1423 679 1456 tum
705 1417 767 1456 M.
789 1417 904 1456 illum
927 1417 1138 1464 Scaurum,
1160 1418 1409 1469 singularem

200 1475 345 1518 virum,
391 1474 624 1510 constantia
670 1478 714 1510 et
765 1475 971 1524 gravitate
1025 1473 1411 1524 superasset-sed',

200 1527 312 1578 quod
333 1526 385 1565 de
406 1526 475 1564 illo
498 1532 744 1577 acceperant
765 1533 838 1564 aut
860 1529 987 1565 etiam
1007 1527 1335 1578 suspicabantur,
1355 1526 1409 1566 de

254 1677 269 1693 ¹²
294 1671 477 1714 Probably
515 1671 567 1714 (3)
607 1673 644 1705 in
684 1672 744 1705 the
784 1675 867 1705 note
907 1682 955 1705 on
998 1672 1047 1713 §5
1074 1672 1199 1706 above.
1263 1671 1410 1716 Clodius

205 1726 358 1758 appears
382 1718 420 1748 to
445 1715 535 1748 have
561 1715 695 1748 effaced
722 1715 781 1748 the
806 1715 959 1758 original
983 1717 1203 1758 inscription,
1229 1716 1302 1750 and
1326 1716 1410 1752 sub-

206 1758 353 1792 stituted
369 1758 520 1791 another
536 1758 686 1799 bearing
702 1759 756 1791 his
773 1770 852 1791 own
869 1770 975 1792 name
990 1759 1046 1792 for
1062 1759 1228 1793 Cicero’s.

203 1831 211 1837 .
255 1803 268 1822 ¹³
295 1803 362 1835 See
379 1805 461 1835 note
477 1813 496 1835 ο
510 1813 557 1835 on
575 1805 591 1841 ἕ
612 1805 653 1835 13
668 1802 793 1836 above.

256 1850 268 1866 ⁶
294 1846 339 1887 Q.
373 1845 540 1879 Metellus
571 1846 786 1878 Numidicus
816 1845 957 1879 refused
986 1848 1024 1879 to
1053 1845 1139 1880 take
1168 1846 1228 1880 the
1257 1846 1343 1881 oath
1372 1846 1413 1881 of

207 1889 400 1922 obedience
416 1891 454 1921 to
470 1888 530 1921 the
547 1890 714 1930 agrarian
731 1888 799 1922 law
816 1889 856 1922 of
869 1889 1085 1923 Saturninus
1101 1891 1138 1922 in
1159 1892 1223 1924 100
1241 1900 1320 1930 mc„
1335 1890 1411 1925 and

207 1936 301 1965 went
323 1934 398 1965 into
418 1932 608 1974 voluntary
631 1931 730 1964 exile.
779 1932 838 1965 On
860 1933 919 1965 the
941 1932 1048 1966 death
1071 1933 1111 1966 of
1129 1933 1344 1967 Saturninus
1364 1933 1411 1968 he

207 1986 280 2009 was
298 1975 453 2008 restored
471 1975 520 2017 by
536 1986 558 2008 a
574 1975 789 2008 tribunician
806 1976 885 2012 law,
903 1977 939 2008 in
956 1978 999 2008 99
1018 1987 1083 2009 13.c.

253 2019 269 2039 ‘²
298 2020 350 2051 M.
369 2019 525 2051 Scaurus
543 2018 603 2051 did
625 2022 686 2051 not
704 2018 820 2052 refuse
837 2022 875 2052 to
893 2019 978 2052 take
996 2020 1056 2052 the
1073 2019 1410 2055 above-mentioned

209 2062 306 2101 oath,
322 2062 395 2095 and
411 2072 451 2095 so
466 2061 600 2105 proved
617 2061 762 2095 himself
774 2073 796 2095 a
814 2061 954 2096 weaker
970 2073 1054 2096 man
1071 2063 1158 2098 than
1178 2062 1357 2098 Metellus.

211 2114 263 2155 66
