1442 2392
663 123 867 163 CICERO
894 131 897 134 '

159 227 299 268 turum
326 228 721 281 diligentissimeque
743 228 963 268 facturum.
1016 228 1140 277 Quae*
1154 242 1179 267 a
1196 232 1264 268 me
1281 231 1365 269 sus-

158 289 283 333 cepta
308 282 493 321 defensio
519 289 598 329 est,
616 289 661 322 te
685 284 872 329 absente,
891 283 1105 335 dignitatis
1124 289 1237 329 tuae,
1254 286 1296 322 in
1315 286 1365 323 ea

155 340 237 375 iam
259 350 337 388 ego
357 350 439 375 non
458 337 589 375 solum
610 340 815 376 amicitiae
835 343 1014 383 nostrae,
1034 337 1108 376 sed
1128 340 1255 376 etiam
1273 346 1367 378 con*-

159 394 339 430 stantiae
361 404 480 430 meae
504 405 627 430 causa
648 392 915 442 permanebo.
968 391 1246 441 Quamobrem
1264 394 1366 432 sati's

160 459 250 484 esse
276 445 351 484 hoc
375 452 564 496 tempore
583 446 806 485 arbitratus
824 459 929 492 sum,
947 445 1024 484 hoc
1043 446 1096 484 ad
1114 452 1158 484 te
1177 447 1368 493 scribere,

159 513 241 546 me,
260 502 293 538 si
316 500 415 551 quid
433 503 520 550 ipse
539 500 826 552 intellegerem
849 506 922 539 aut
945 500 999 539 ad
1020 500 1277 539 voluntatem
1296 506 1368 540 aut

162 554 216 592 ad
234 554 494 592 commodum
514 560 588 593 aut
608 555 661 593 ad
680 554 994 606 amplitudinem
1012 560 1129 594 tuam
1146 557 1368 606 pertinere,

160 621 255 646 mea
278 614 426 659 sponte
451 609 494 646 id
519 621 608 647 esse
633 607 839 647 facturum
858 622 868 654 ;
906 611 969 647 sin
993 614 1135 648 autem
1159 612 1368 661 quippiam

160 668 235 701 aut
257 676 282 700 a
303 668 347 700 te
371 676 504 701 essem
527 663 760 702 admonitus
783 669 856 701 aut
879 676 903 701 a
925 665 1021 710 tuis,
1044 662 1300 710 effecturum,
1320 669 1369 703 ut

159 716 437 768 intellegeres,
457 717 556 755 nihil
586 730 722 769 neque
752 723 796 756 te
826 720 1032 768 scripsisse
1061 730 1198 769 neque
1228 722 1370 770 queni-

161 784 286 822 quam
306 777 472 810 tuorum
491 770 644 810 frustra
665 772 718 810 ad
738 785 804 810 me
825 772 1036 810 detulisse.
1090 771 1368 820 Quamobrem

160 825 283 864 velim
303 828 364 864 ita
385 832 430 864 et
450 829 538 876 ipse
560 826 613 864 ad
634 839 701 864 me
722 827 873 865 scribas
895 826 947 864 de
969 827 1158 865 omnibus
1178 829 1370 872 minimis,

161 882 351 918 maximis
395 880 751 932 mediocribusque
794 881 932 926 rebus,
976 885 1024 919 ut
1067 880 1121 919 ad
1163 880 1370 920 hominem

162 936 450 972 amicissimum
469 946 479 979 3
515 940 560 972 et
599 937 682 973 tuis
701 937 943 985 praecipias,
963 940 1012 973 ut
1031 947 1171 986 opera,
1190 935 1370 982 consilio,

161 990 566 1040 auctoritate,gratia
577 1002 672 1027 mea
683 991 740 1027 sic
751 994 923 1027 utantur
933 991 975 1026 in
987 989 1175 1028 omnibus
1185 989 1371 1040 publicis,

161 1045 344 1093 privatis,
394 1042 638 1089 forensibus,
689 1043 937 1090 domesticis,
987 1046 1084 1090 tuis,
1135 1046 1370 1090 amicorum,

163 1096 385 1147 hospitum,
406 1097 618 1135 clientium
640 1103 805 1136 tuorum
827 1100 1018 1149 negotiis,
1041 1103 1103 1144 ut,
1125 1098 1262 1149 quoad
1284 1100 1370 1137 eius

164 1150 252 1189 fieri
279 1154 422 1201 possit,
450 1154 710 1203 praesentiae
739 1158 837 1190 tuae
865 1152 1113 1191 desiderium
1137 1152 1204 1190 eo1
1230 1152 1370 1191 labore

164 1208 389 1245 minuatur.
1340 1212 1355 1225 ³

739 1325 799 1364 IX

394 1425 582 1452 VATINIUS
611 1426 700 1452 ΙΜΡ.
727 1426 760 1452 S.
787 1426 828 1452 D.
856 1426 1042 1452 CICERONI
1068 1426 1143 1453 SUO

669 1503 776 1526 Amne.
795 1495 873 1526 709.

217 1550 258 1589 S.
292 1550 343 1590 V.
377 1551 424 1590 B.
459 1551 508 1590 E.
543 1552 592 1590 E.
627 1552 677 1591 V.
730 1551 771 1591 Si
805 1559 921 1591 tuam
955 1553 1295 1597 consuetudinem
1327 1556 1371 1594 in

164 1609 399 1657 patrociniis
438 1607 601 1644 tuendis
640 1620 790 1653 servas,
830 1606 875 1646 P.
913 1606 1101 1646 Vatinius
1139 1607 1263 1649 cliens
1301 1609 1371 1648 ad-

569 1674 585 1696 ²
609 1686 652 1709 eo
671 1675 716 1708 M
727 1689 736 1710 ε
763 1687 844 1709 meo
860 1676 939 1710 rell.

218 1765 233 1780 ‘³
258 1760 424 1793 Vatinius
462 1760 533 1794 had
571 1761 661 1794 been
698 1761 893 1805 appointed
931 1765 969 1795 to
1006 1762 1066 1796 the
1102 1763 1294 1798 command
1327 1765 1374 1805 of

173 1803 355 1846 Illyricum
372 1805 408 1837 in
424 1807 468 1838 46
485 1815 525 1837 or
540 1807 595 1844 45,
612 1804 684 1838 and
701 1815 747 1838 on
759 1805 820 1838 the
832 1805 993 1848 strength
1008 1806 1050 1839 of
1064 1816 1164 1840 some
1177 1807 1370 1842 successful

175 1847 396 1889 expeditioris
422 1849 564 1890 against
594 1848 655 1882 the
684 1849 910 1882 Dalmatians
941 1849 1012 1882 had
1043 1849 1133 1883 been
1162 1850 1300 1884 saluted
1329 1862 1370 1885 as

173 1892 367 1932 imperator
382 1891 432 1934 by
453 1891 506 1925 his
527 1891 684 1925 soldiers.
734 1892 820 1925 This
839 1894 868 1925 is
885 1892 980 1926 what
996 1892 1040 1926 he
1057 1903 1179 1927 means
1197 1893 1247 1936 by
1262 1894 1371 1938 being

174 1936 241 1966 “in
259 1933 397 1968 office.”
445 1933 521 1968 The
538 1935 707 1978 “danger
719 1935 740 1948 ”
757 1939 793 1968 to
809 1935 924 1969 which
940 1935 984 1969 he
999 1936 1107 1970 refers
1124 1947 1195 1970 was
1207 1937 1310 1977 when
1325 1938 1370 1972 he

172 1988 244 2010 was
262 1977 426 2016 accused,
443 1979 478 2011 in
504 1981 547 2011 55
570 1989 610 2012 or
633 1979 693 2012 the
715 1978 914 2022 beginning
936 1979 977 2012 of
996 1983 1052 2019 54,
1069 1981 1110 2013 of
1129 1980 1274 2024 bribery
1295 1981 1366 2015 and

170 2023 376 2063 corruption
399 2021 583 2066 (ambitus)
606 2022 655 2066 by
672 2022 831 2056 Licinius
855 2023 997 2057 Calvus.
1047 2023 1116 2057 His
1133 2023 1281 2058 defence
1298 2036 1367 2059 was

164 2076 245 2111 854
