1442 2392
655 134 859 174 CICERO

156 254 180 278 a
207 253 358 291 meque
386 241 473 289 ipse
503 238 722 276 deficerem
751 244 809 284 et,
838 238 948 289 quod
974 241 1092 277 initio
1119 252 1364 290 semperque

108 311 128 343 2
155 304 256 356 fugi,
279 304 384 342 civili
406 303 514 342 bello
535 306 793 342 interessem.
847 303 969 351 Quod
992 309 1056 342 est
1077 306 1205 355 igitur
1225 317 1364 342 meum

156 373 275 409 triste
296 369 506 408 consilium
524 368 540 407 ?
596 368 656 407 Ut
677 368 932 407 discederem
952 367 1126 407 fortasse
1147 371 1191 407 in
1210 369 1366 420 aliquas

156 435 428 474 solitudines?
485 434 603 472 Nosti
635 436 744 472 enim
775 447 857 472 non
887 433 1009 472 modo
1040 433 1240 482 stomachi
1270 436 1367 483 mei,

157 503 270 539 cuius
295 506 343 538 tu
368 499 543 538 similem
569 499 776 551 quondam
802 499 998 545 habebas,
1024 499 1099 538 sed
1123 502 1250 538 etiam
1275 513 1368 539 ocu—

157 566 288 604 lorum
306 568 349 603 in
367 565 577 603 hominum
595 565 859 603 insolentium
876 565 1125 616 indignitate
1143 564 1368 604 fastidium.

158 631 333 670 Accedit
366 633 493 668 etiam
521 629 696 669 molesta
723 630 826 668 haec
852 643 1005 681 pompa
1032 630 1221 669 lictorum
1257 644 1369 669 meo—

159 711 250 735 rum
278 709 512 746 nomenque
540 698 700 746 imperi,
729 709 810 747 quo
840 695 1035 746 appellor.
1089 695 1151 734 Eo
1184 698 1217 734 si
1245 709 1369 734 onere

160 775 357 807 carerem,
389 763 574 812 quamvis
605 763 739 812 parvis
772 760 918 799 Italiae
949 761 1118 800 latebris
1150 765 1370 800 contentus

161 841 307 866 essem.
361 826 443 865 Sed
470 829 640 864 incurrit
668 826 771 864 haec
798 832 938 864 nostra
965 826 1102 864 laurus
1130 840 1213 865 non
1240 827 1371 866 solum

159 895 203 931 in
235 892 385 938 oculos,
417 891 492 930 sed
523 894 604 930 iam
638 894 765 930 etiam
796 894 839 929 in
871 891 1033 930 voculas
1065 891 1370 931 malevolorum.

162 958 284 1006 Quod
318 971 411 995 cum
444 960 505 996 ita
539 963 663 1002 esset,
697 956 754 994 nil
787 962 930 995 tamen
963 970 1160 1008 umquam
1194 957 1247 996 de
1279 971 1372 1009 pro-

162 1023 356 1069 fectione,
397 1025 474 1061 nisi
515 1023 627 1061 vobis
669 1022 1006 1073 approbantibus,
1046 1025 1238 1074 cogitavi.
1290 1022 1372 1062 Sed

162 1103 257 1127 mea
284 1087 494 1140 praediola
522 1088 598 1126 tibi
627 1093 726 1126 nota
754 1093 879 1133 sunt3
922 1091 964 1125 in
992 1087 1054 1126 his
1082 1087 1182 1126 mihi
1204 1101 1372 1128 necesse

164 1160 228 1193 est
258 1167 362 1200 esse,
391 1167 443 1191 ne
474 1155 612 1191 amicis
641 1153 838 1191 molestus
866 1155 956 1191 sim.
1011 1153 1133 1200 Quod
1161 1159 1302 1193 autem
1329 1156 1373 1193 in

162 1222 376 1258 maritimis
391 1233 481 1257 sum
495 1217 701 1264 facillime,
715 1231 861 1256 moveo
871 1218 1074 1257 nonnullis
1089 1221 1373 1270 suspicionem,

164 1285 267 1323 velle
286 1298 353 1322 me
372 1287 565 1335 navigare
584 1296 594 1329 3
627 1283 738 1335 quod
756 1289 899 1322 tamen
916 1283 1090 1322 fortasse
1107 1296 1191 1322 non
1207 1284 1372 1332 nollem,

164 1353 196 1389 si
226 1363 389 1401 possem
420 1349 473 1387 ad
503 1352 647 1387 otium.
702 1349 808 1387 Nam
839 1349 892 1387 ad
921 1348 1075 1387 bellum
1106 1349 1274 1401 quidem
1303 1353 1372 1402 qui

164 1414 388 1454 convenit?
442 1413 689 1452 Praesertim
727 1420 870 1452 contra
907 1427 1017 1460 eum,
1049 1417 1114 1453 cui
1150 1428 1270 1466 spero
1305 1428 1373 1455 me

164 1479 424 1526 satisfecisse,
463 1481 516 1518 ab
554 1493 618 1526 eo,
656 1482 720 1518 cui
758 1482 841 1518 iam
877 1480 1066 1518 satisfieri
1103 1479 1215 1518 nullo
1251 1481 1374 1520 modo

117 1553 137 1584 3
164 1546 336 1597 potest?
392 1545 555 1583 Deinde
576 1547 827 1583 sententiam
847 1557 984 1583 meam
1005 1550 1052 1583 tu
1071 1544 1263 1584 facillime
1282 1559 1376 1597 per-

165 1614 321 1662 spicere
334 1613 504 1661 potuisti
520 1613 601 1648 iam
617 1611 669 1648 ab
683 1609 750 1648 illo
765 1616 966 1661 tempore,
981 1613 1130 1648 cumin
1144 1610 1374 1650 Cumanum

165 1676 265 1714 mihi
286 1677 448 1714 obviam
469 1678 629 1714 venisti.
686 1675 778 1713 Non
799 1678 908 1713 enim
929 1681 973 1714 te
995 1675 1122 1714 celavi
1143 1688 1374 1715 sermonem

223 1852 317 1884 “Hc
335 1851 443 1885 refers
459 1854 497 1884 to
513 1851 572 1884 the
589 1851 704 1884 words
721 1850 761 1883 of
781 1850 949 1884 Caclius
940 1861 975 1883 m
992 1852 1064 1884 viii.
1085 1853 1189 1891 16.1‚
1208 1855 1230 1870 “
1241 1852 1374 1895 quibus

178 1898 212 1928 te
228 1895 317 1928 nihil
334 1896 401 1928 nisi
417 1895 515 1928 triste
531 1896 688 1936 cogitare
704 1893 927 1927 ostendisti,”

271 1939 368 1971 ‘But
382 1939 480 1971 these
496 1938 624 1970 laurels
639 1937 679 1970 of
692 1939 786 1970 mine
801 1940 930 1970 attract
945 1940 1007 1970 not
1022 1937 1108 1979 only
1122 1937 1182 1970 the
1197 1947 1291 1980 eyes,
1307 1939 1373 1973 but

174 1993 254 2014 now
278 1993 365 2015 even
396 1983 508 2014 excite
530 1981 591 2014 the
621 1982 709 2014 eries
733 1980 773 2014 of
800 1992 862 2022 my
893 1981 1090 2014 ill-wishers
1103 1980 1124 1994 ”
1154 1981 1278 2014 Jeans.
1337 1983 1369 2017 A

173 2026 257 2068 play
274 2036 320 2058 on
338 2026 397 2059 the
414 2024 529 2059 words
544 2025 661 2058 oculos
676 2023 748 2057 and
765 2024 906 2058 voculas
923 2025 952 2058 is
967 2023 1156 2067 obviously
1171 2024 1353 2060 intended.

178 2082 253 2116 144
