1442 2392
150 1200 169 1236 1

233 623 298 667 M.
314 648 317 650 -
331 623 521 666 TULLI
553 622 889 666 CICERONIS
921 619 1378 687 EPISTULARUM

542 690 631 736 AD
664 689 1048 732 FAMILIARES

554 798 721 836 LIBER
749 796 1045 836 SECUNDUS

791 911 814 953 1

520 1031 567 1058 M.
593 1031 633 1059 Τ.
660 1032 697 1060 C.
723 1032 756 1059 S.
783 1032 825 1059 D.
852 1032 888 1059 C.
916 1031 1082 1058 CURIONI

618 1117 767 1156 Romae,
784 1127 893 1150 ΔΑΜ).
911 1119 991 1150 701.

248 1194 510 1246 Quamquam
543 1207 610 1232 me
643 1196 808 1232 nomine
842 1194 1134 1246 neglegentiae
1169 1198 1408 1246 suspectum

196 1250 273 1288 tibi
300 1262 388 1287 esse
416 1249 549 1295 doleo,
568 1254 711 1287 tamen
730 1262 812 1286 non
832 1254 919 1286 tam
939 1248 1038 1286 mihi
1063 1247 1285 1287 molestum
1313 1247 1408 1294 fuit,

197 1306 377 1342 accusari
414 1304 486 1341 abs
523 1308 567 1342 te
605 1303 780 1341 officium
817 1316 971 1348 meum,
1008 1316 1133 1354 quam
1169 1302 1408 1349 iucundum,

195 1360 376 1409 requiri3
420 1360 665 1408 praesertim
697 1370 804 1403 cum,
832 1360 876 1395 in
907 1370 988 1408 quo
1021 1357 1256 1403 accusabar,
1287 1355 1408 1407 culpa

198 1425 400 1458 vacarem,
429 1414 472 1450 in
510 1425 591 1463 quo
622 1417 763 1449 autem
801 1411 1035 1449 desiderare
1072 1416 1116 1450 te
1149 1410 1408 1462 significabas

196 1479 310 1504 meas
324 1466 500 1511 litteras,
514 1479 613 1516 prae
629 1471 673 1504 te
689 1464 817 1504 ferres
832 1471 1096 1516 perspectum
1110 1465 1211 1503 mihi
1225 1464 1408 1517 quidem,

197 1521 271 1559 sed
287 1526 429 1559 tamen
447 1520 609 1558 dulcem
627 1525 671 1558 et
688 1526 879 1571 optatum
897 1533 1079 1558 amorem
1095 1525 1229 1558 tuum.
1282 1519 1408 1571 Equi-

197 1575 294 1613 dem
334 1577 542 1612 neminem
582 1577 854 1625 praetermisi,
895 1587 1020 1625 quem
1060 1574 1228 1625 quidem
1269 1573 1323 1612 ad
1362 1578 1407 1612 te

197 1635 492 1680 perventurum
531 1634 738 1679 putarem,
779 1631 843 1666 cui
883 1628 1043 1667 litteras
1085 1641 1167 1666 non
1207 1627 1406 1667 dederim.

198 1683 366 1722 Etenim
386 1686 475 1734 quis
491 1688 555 1721 est
574 1688 662 1721 tam
675 1685 718 1720 in
732 1683 947 1721 scribendo
961 1685 1136 1734 impiger
1154 1695 1278 1733 quam
1294 1694 1373 1733 ego
1388 1681 1406 1720 ἓ

250 1814 266 1830 ⁰
288 1810 365 1843 The
389 1820 551 1852 younger
583 1809 794 1843 Scribonius
827 1809 947 1849 Curio,
973 1821 1054 1843 now
1085 1809 1263 1851 Quaestor
1294 1811 1332 1842 to
1363 1807 1405 1843 C.

203 1853 350 1887 Clodius
369 1854 405 1886 in
424 1853 525 1887 Asia.
574 1853 631 1887 He
651 1864 724 1886 was
746 1853 767 1867 “
783 1864 806 1886 a
828 1852 918 1887 kind
940 1853 980 1887 of
1000 1853 1142 1887 Roman
1162 1851 1405 1892 Alcibiades.·’

202 1897 316 1930 elever
335 1897 400 1930 but
419 1896 549 1939 utterly
565 1896 839 1939 unscrupulous.
888 1897 945 1930 He
963 1908 1035 1930 was
1053 1907 1135 1931 ever
1150 1907 1172 1930 a
1192 1900 1270 1930 true
1288 1895 1406 1930 friend

203 1943 242 1973 to
257 1940 393 1979 Cicero,
412 1940 531 1973 whose
547 1943 627 1983 part
652 1940 696 1973 he
711 1940 801 1973 took
818 1939 920 1973 when
943 1940 1004 1974 the
1028 1940 1132 1974 latter
1148 1951 1221 1973 was
1245 1941 1281 1973 in
1303 1939 1405 1974 exile.

204 1983 407 2026 Originally
423 1995 445 2016 a
461 1983 670 2026 Pompeiam
688 1983 732 2016 he
748 1994 820 2017 was
837 1983 976 2026 bought
1001 1994 1084 2017 over
1106 1983 1156 2027 by
1172 1983 1315 2022 Caesar,
1333 1982 1406 2016 and

205 2027 329 2061 Lucan
345 2037 427 2070 says
444 2027 485 2061 of
503 2027 578 2060 him
594 2027 673 2061 that
691 2027 736 2061 he
750 2026 880 2061 turned
902 2027 963 2061 the
978 2027 1091 2061 scales
1107 2028 1144 2061 in
1160 2027 1221 2062 the
1235 2026 1318 2061 civil
1334 2037 1408 2061 war

207 2082 262 2123 92
