1442 2392
705 127 909 167 CICERO

202 233 407 285 quaedam
445 236 729 284 exspectati03
781 246 905 285 quam
941 239 989 271 tu
1025 246 1108 271 una
1141 245 1187 272 re
1222 232 1414 272 facillime

203 310 353 353 vinces,
391 309 424 345 si
463 306 539 345 hoc
578 309 786 353 statueris,
826 320 999 358 quarum
1037 306 1206 345 laudum
1243 306 1414 359 gloriam

204 381 420 426 adamaris,
442 381 588 432 quibus
611 381 767 419 artibus
789 393 864 419 eae
884 380 1028 426 laudes
1049 386 1353 432 comparantur,
1371 382 1415 418 in

203 456 251 492 iis
269 467 358 493 esse
376 454 684 492 elaborandum.
739 453 788 491 In
805 453 910 492 hanc
926 456 1179 493 sententiam
1195 454 1415 492 scriberem

170 582 172 586 ,
202 527 334 579 plura,
363 530 440 566 nisi
470 533 514 566 te
544 533 618 566 tua
647 521 795 578 sponte
825 530 924 566 satis
953 530 1172 566 incitatum
1201 540 1291 566 esse
1320 540 1415 566 con-

205 601 402 639 fiderem·
393 630 402 647 ,
449 606 494 639 et
522 600 613 647 hoc,
644 601 844 653 quidquid
873 603 1009 653 attigi,
1038 614 1121 639 non
1149 591 1230 640 feci
1257 590 1414 662 inflam-

203 674 343 713 mandi
363 677 425 713 tui
444 688 581 721 causa,
601 674 675 713 sed
694 674 943 713 testificandi
963 676 1110 717 amoris
1129 676 1226 720 mei.

498 1043 545 1070 M.
571 1044 610 1070 Τ.
638 1044 673 1070 c.
701 1042 733 1070 s,
761 1044 799 1069 P.
828 1044 868 1070 n.
896 1043 930 1069 c.
958 1041 1126 1080 cumom

626 1134 775 1173 Rornae,
793 1145 901 1167 A.u.‘c.
919 1135 998 1167 701.

255 1229 370 1267 Haec
403 1231 572 1280 negotia
604 1228 809 1279 quomodo
842 1240 886 1265 se
919 1227 1117 1273 habeant,
1149 1239 1204 1264 ne
1237 1224 1414 1278 epistula

203 1303 370 1354 quidem
392 1315 556 1340 narrare
579 1302 725 1340 audeo.
778 1301 883 1347 Tibi,
905 1303 998 1347 etsi,
1018 1301 1266 1352 ubicumque
1287 1312 1347 1346 es,
1365 1302 1414 1354 ui}

203 1379 343 1428 scripsi
370 1376 423 1414 ad
449 1382 493 1414 te
521 1381 659 1421 antea,
685 1378 728 1413 in
756 1375 903 1413 eadem
930 1388 973 1413 es
1000 1376 1108 1420 navi,
1128 1372 1277 1414 ¹tamen
1303 1367 1414 1425 quod

203 1450 316 1496 abes,
340 1449 537 1502 gratulor,
562 1449 628 1488 vel
652 1452 748 1500 quia
771 1462 854 1487 non
878 1448 992 1487 vides
1017 1461 1080 1494 ea,
1105 1456 1212 1499 quae
1237 1443 1415 1493 1108ςὶνεί

202 1523 312 1576 quod
331 1523 492 1562 excelso
511 1529 555 1561 et
571 1522 718 1561 illustri
734 1522 823 1561 loco
841 1525 920 1560 sita
938 1527 1003 1560 est
1018 1521 1107 1560 laus
1125 1526 1213 1570 tua,
1224 1509 1273 1558 ⁷in
1289 1519 1413 1575 pluris

200 1611 360 1636 morum
388 1603 433 1636 et
458 1599 658 1636 sociorum
686 1602 730 1635 et
756 1598 904 1634 civium
930 1601 1181 1646 conspectu3
1224 1592 1331 1646 quae
1358 1590 1413 1646 ati

201 1685 274 1710 nos
295 1685 371 1710 nec
391 1672 562 1709 obscuro
583 1683 659 1708 nee
679 1673 790 1708 vario
810 1682 1012 1715 sermone,
1033 1668 1107 1707 sed
1128 1673 1172 1706 et
1191 1667 1412 1706 clarissima

202 1751 246 1784 et
269 1759 351 1783 una
373 1747 555 1783 omnium
579 1757 677 1782 voce
700 1743 920 1795 perfertur.
975 1742 1116 1781 Unum
1137 1741 1239 1780 illud
1260 1742 1411 1786 nescio,

200 1819 437 1871 gratulerne
466 1819 557 1864 tibi,
588 1831 640 1856 an
669 1820 854 1863 timeam,
884 1815 995 1868 quod
1022 1815 1217 1856 mirabilis
1247 1820 1313 1854 est
1339 1826 1412 1853 ex-

200 1895 403 1943 spectatio
418 1892 575 1931 reditus
591 1894 681 1930 tui:
712 1905 808 1937 non,
825 1889 935 1942 quod
951 1902 1118 1935 verear,
1116 1901 1176 1927 ne
1193 1894 1267 1927 tua
1282 1889 1410 1926 virtus

201 1969 379 2017 opinioni
407 1966 618 2004 hominum
651 1978 734 2002 non
771 1963 1033 2015 respondeat,
1066 1962 1139 2001 sed
1176 1959 1409 2000 mehercule

200 2053 268 2086 ne,
294 2054 387 2078 cum
415 2042 587 2085 veneris,
616 2051 697 2077 non
725 2038 877 2077 habeas
905 2040 1001 2085 iam,
1028 2035 1139 2089 quod
1165 2026 1319 2083 cures,⁴
1347 2036 1409 2084 ita

214 2107 287 2142 102
