1442 2392
631 144 835 184 CICERO

131 252 173 287 in
198 249 329 288 malis.
381 248 464 288 Sed
488 255 645 295 tamen,
671 252 864 301 quoniam
891 248 1015 301 effugi
1041 251 1128 288 eius
1153 246 1339 288 offensio-

131 341 241 374 nem,
256 331 326 380 qui
344 328 517 367 fortasse
536 329 818 375 arbitraretur,
837 342 904 366 me
923 328 1028 366 hanc
1045 327 1339 379 rempublicam

132 420 215 446 non
234 414 395 458 putare,
414 410 447 446 si
466 414 669 458 perpetuo
688 413 884 453 tacerem,
903 408 1062 445 modice
1083 406 1160 446 hoc
1177 406 1340 453 faciam,

133 492 206 525 aut
226 489 352 525 ctiam
371 490 480 525 intra
498 486 680 532 modum,
699 492 747 525 ut
767 493 810 525 et
828 486 934 525 illius
953 486 1156 525 voluntati
1175 491 1220 525 et
1237 487 1340 525 meis

133 566 278 604 studiis
298 569 486 604 serviam.
539 565 646 604 Nam
667 568 745 604 etsi
765 579 790 604 a
809 569 941 616 prima
961 571 1102 604 aetate
1121 578 1190 604 me
1209 567 1339 604 omnis

133 658 198 683 ars
213 651 257 684 et
271 645 457 683 doctrina
471 645 663 690 liberalis,
677 650 722 683 et
739 647 919 683 maxime
938 635 1198 696 philosophia
1207 644 1341 684 delec-

134 727 254 770 tavit,
277 730 420 762 tamen
446 723 522 763 hoc
546 724 728 763 studium
749 723 933 775 quotidie
946 726 1208 776 ingravescit,
1221 723 1344 766 credo
1394 737 1396 739 ·

133 808 178 841 et
193 805 343 842 aetatis
356 806 599 842 maturitate
615 803 668 842 ad
680 803 958 854 prudentiam,
973 808 1018 842 et
1031 802 1093 841 his
1107 809 1340 854 temporum

134 885 255 929 vitiis,
279 888 326 921 ut
348 882 459 921 nulla
480 895 545 921 res
568 882 647 921 alia
668 882 804 921 levare
828 885 1009 921 animum
1030 882 1228 922 molestiis
1247 895 1342 934 pos-,

134 964 200 1000 sit.
254 962 291 999 A
325 975 406 1013 quo
437 962 574 1000 studio
606 967 650 1000 te
683 962 830 1000 abduci
862 965 1039 1014 negotiis
1069 962 1256 1013 intelligo
1287 973 1340 1000 ex

133 1044 215 1080 tuis
232 1041 380 1080 litteris
398 1054 409 1087 3
440 1041 514 1090 sed
530 1047 672 1080 tamen
689 1041 843 1093 aliquid
857 1044 940 1080 iam
957 1047 1099 1080 noctes
1115 1047 1159 1080 te
1175 1031 1341 1080 adiuvass

133 1120 252 1159 bunt.
300 1120 463 1159 Servius
495 1126 606 1166 tuus,
639 1120 704 1158 vel
733 1123 870 1171 potius
900 1126 1054 1166 noster,
1083 1134 1244 1159 summa
1271 1132 1339 1160 me

133 1200 394 1238 observantia
431 1199 528 1238 colit
545 1212 556 1246 ;
605 1202 718 1238 cuius
752 1213 831 1252 ego
864 1213 956 1238 cum
990 1202 1100 1238 omni
1131 1199 1345 1251 probitate

132 1292 375 1330 summaque
395 1281 562 1324 virtute,
582 1284 672 1317 tum
692 1278 837 1317 studiis
856 1279 1124 1331 doctrinaque
1142 1279 1345 1318 delector.÷

133 1357 173 1396 Is
206 1371 368 1396 mecum
401 1370 526 1409 saepe
559 1358 611 1396 de
645 1364 718 1396 tua
751 1361 962 1397 mansione
996 1363 1070 1397 aut
1101 1358 1338 1398 decessione

132 1439 420 1476 communicat.
473 1437 621 1476 Adhuc
645 1440 688 1475 in
714 1437 790 1476 hac
815 1451 905 1476 sum
930 1440 1152 1484 sententia,
1175 1437 1275 1476 nihil
1292 1443 1340 1479 ut

131 1515 343 1562 faciamus,
372 1519 448 1555 nisi
477 1516 587 1568 quod
607 1518 794 1554 'maxime
823 1516 974 1555 Caesar
1006 1517 1109 1555 velle
1138 1516 1339 1557 videatur.

132 1594 214 1634 Res
241 1602 338 1634 sunt
367 1596 580 1641 eiusmodi,
608 1601 670 1642 ut,
698 1598 731 1634 si
765 1595 919 1634 Romae
947 1598 1016 1642 sis,
1043 1596 1144 1639 nihil
1173 1602 1341 1648 praeter

132 1680 225 1713 tuos
253 1675 460 1713 delectare
489 1681 533 1713 te
562 1677 704 1725 possit.
758 1674 824 1713 De
857 1675 1036 1726 reliquis,
1063 1675 1163 1714 nihil
1194 1675 1339 1716 melius

131 1756 220 1805 ipso
240 1759 305 1792 est
321 1766 332 1799 ;
360 1756 488 1793 ceteri
508 1759 552 1792 et
571 1759 710 1792 cetera
730 1753 942 1800 eiusmodi,
962 1760 1023 1800 ut,
1041 1757 1075 1793 si
1095 1754 1339 1795 alterutrum

132 1845 300 1871 necesse
337 1835 404 1879 sit,
443 1832 584 1871 audire
627 1845 677 1870 ea
714 1832 844 1878 malis,
882 1846 1007 1884 quam
1043 1833 1197 1873 videre.
1250 1833 1340 1873 Hoc

131 1917 316 1950 nostrum
344 1911 555 1949 consilium
582 1911 697 1950 nobis
722 1914 889 1950 minime
918 1912 1139 1951 iucundum
1168 1918 1248 1960 est,
1269 1915 1339 1965 qui

132 1996 176 2028 te
198 1990 335 2029 videre
355 1993 540 2041 cupimus
559 2002 570 2036 ;
605 1990 678 2029 sed
697 1990 943 2029 consulimus
964 1991 1053 2030 tibi.
1107 1990 1222 2030 Vale.

138 2075 218 2117 266
