1442 2392
707 124 910 165 CICERO

200 226 341 274 malui,
369 241 494 279 quam
521 229 672 267 viribus
701 242 795 267 cum
823 229 1049 268 valentiore
1076 241 1277 281 pugnare.
1328 226 1411 268 Sed

202 297 248 331 et
273 292 377 332 haec
404 299 449 332 et
474 293 607 332 multa
634 293 714 332 alia
739 307 877 332 coram
903 294 1017 332 brevi
1044 299 1232 345 tempore
1255 293 1411 332 licebit.

154 362 175 394 3
202 356 349 409 Neque
381 371 449 396 me
481 363 624 397 tamen
656 358 740 397 ulla
770 371 835 397 res
869 358 948 397 alia
980 358 1136 397 Romae
1168 363 1303 404 tenet,
1334 351 1410 397 nisi

201 426 458 474 exspectatio
477 437 615 462 rerum
635 422 935 462 Africanarum.
988 423 1163 463 Videtur
1183 426 1293 462 enim
1310 421 1411 462 mihi

201 501 265 526 res
288 491 331 525 in
352 491 629 540 propinquum
652 489 832 527 adducta
854 489 1085 527 discrimen.
1139 487 1246 527 Puto
1269 493 1410 527 autem

200 566 295 591 mea
323 553 507 591 nonnihil
534 557 735 592 interesse
766 554 1048 606 (quamquam,
1077 553 1120 592 id
1148 556 1284 605 ipsum
1312 552 1411 605 quid

201 620 378 664 intersit,
407 632 490 657 non
517 632 616 657 sane
644 619 859 671 intellego)
888 625 1189 665 verumtamen,
1211 617 1411 670 quidquid

200 683 309 721 illine
345 687 582 722 nuntiatum
617 687 685 730 sit,
722 698 804 723 non
837 684 961 736 longe
997 684 1142 723 abesse
1178 697 1203 722 a
1237 682 1411 722 consiliis

202 751 438 787 amicorum.
491 748 568 788 Est
586 752 696 787 enim
712 763 777 788 res
794 751 878 788 iam
893 751 937 788 in
955 762 1050 788 eum
1065 749 1201 788 locum
1218 748 1411 794 adducta,

201 819 262 860 ut,
288 827 539 866 quamquam
564 814 742 853 multum
766 817 930 853 intersit
954 817 1064 853 inter
1088 827 1231 853 eorum
1254 826 1410 859 causas,

201 881 271 930 qui
286 879 497 925 dimicant,
513 885 656 918 tamen
670 882 780 918 inter
794 882 982 918 victorias
998 893 1081 918 non
1094 879 1272 918 multum
1285 881 1412 918 inter-

199 942 385 982 futurum
430 950 590 995 putem.
658 943 741 983 Sed
784 944 907 995 plane
954 947 1112 982 animus
1157 943 1292 982 meus1
1341 945 1411 995 qui

200 1008 333 1047 dubiis
354 1009 477 1048 rebus
498 1008 671 1048 forsitan
691 1009 818 1048 fuerit
838 1009 1047 1055 infirmior,
1069 1009 1296 1060 desperatis
1316 1020 1432 1074 con—-

201 1073 385 1113 firmatus
414 1080 478 1113 est
503 1074 708 1121 multum;
751 1088 876 1126 quem
903 1077 1031 1112 etiam
1057 1079 1156 1113 tuae
1181 1075 1410 1125 superiores

199 1138 365 1177 litterae
386 1139 693 1185 confirmarunt,
714 1140 861 1191 quibus
881 1139 1083 1186 intellexi,
1103 1152 1228 1191 quam
1246 1137 1411 1177 fortiter

199 1206 389 1242 iniuriam
426 1204 583 1250 ferres3
619 1207 806 1256 iuvitque
844 1218 926 1251 me,
964 1205 1041 1243 tibi
1077 1217 1171 1242 cum
1207 1217 1410 1242 summam

199 1268 516 1315 humanitatem,
558 1275 649 1308 tum
691 1272 819 1308 etiam
859 1275 953 1308 tuas
993 1269 1155 1308 litteras
1194 1267 1408 1320 profuisse.

198 1333 352 1372 Verum
365 1337 474 1373 enim
489 1335 924 1373 scribam—teneriore
936 1334 1036 1372 mihi
1053 1337 1188 1372 animo
1199 1333 1408 1380 videbare,

197 1401 303 1437 sicut
342 1413 484 1438 omnes
518 1399 620 1446 fere,
655 1402 724 1451 qui
760 1402 888 1438 vitam
921 1398 1163 1451 ingenuam²
1207 1401 1250 1437 in
1282 1398 1409 1437 beata

148 1471 169 1501 4
196 1466 365 1503 civitate
406 1470 450 1503 et
489 1464 619 1503 libera
658 1467 845 1503 viximus.
899 1464 995 1510 Sed,
1035 1470 1083 1503 ut
1120 1463 1190 1502 illa
1227 1462 1408 1503 secunda

196 1529 410 1568 moderate
427 1529 609 1576 tulimus,
625 1533 682 1568 sic
705 1529 810 1567 hane
836 1543 918 1567 non
940 1529 1070 1568 solum
1091 1529 1318 1575 adversam,
1332 1527 1407 1567 sed

194 1593 380 1633 funditus
408 1607 592 1633 eversam
619 1594 828 1633 fortunam
854 1593 1018 1633 fortiter
1043 1593 1152 1632 ferre
1178 1593 1406 1639 debemus;

196 1664 244 1697 ut
261 1659 337 1698 hoc
354 1659 501 1698 saltem
518 1662 561 1697 in
578 1662 766 1698 maximis
783 1659 900 1697 malis
917 1660 1013 1697 boni
1030 1670 1342 1710 consequamur,
1358 1662 1407 1697 ut

503 1738 516 1758 ²
539 1738 690 1780 Riyhcly
706 1737 822 1771 added
839 1738 881 1780 by
902 1737 1113 1780 Wesenberg]-

366 1781 380 1802 ¹
406 1781 522 1815 Orelli
537 1782 610 1815 and
631 1781 853 1823 Wesenberq:
878 1783 952 1814 vita
969 1783 1128 1822 ingenua
1143 1780 1244 1815 codd.

245 1897 262 1913 ⁶
283 1892 369 1925 This
386 1902 459 1924 was
474 1892 589 1925 about
609 1891 670 1925 the
690 1893 778 1925 time
801 1891 842 1924 of
860 1891 921 1925 the
945 1891 1056 1925 battle
1078 1891 1120 1924 of
1138 1890 1314 1934 Thapsus,
1331 1889 1402 1924 and

200 1935 260 1968 the
275 1935 496 1978 subsequent
511 1935 648 1968 suicide
664 1936 705 1968 of
721 1935 772 1968 M.
790 1935 892 1969 Cato.

199 1979 578 2056 ωέῐξῗέἷιίῗὸἓὲῗιιςὴ
603 1980 640 2012 in
667 1978 773 2021 Italy,
799 1978 871 2012 had
896 1978 1075 2021 probably
1098 1978 1188 2011 been
1212 1977 1405 2012 forbidden

205 2079 282 2112 422
