<?xml version="1.0" encoding="UTF-8"?>
<!DOCTYPE html PUBLIC "-//W3C//DTD XHTML 1.0 Transitional//EN"
    "http://www.w3.org/TR/xhtml1/DTD/xhtml1-transitional.dtd">
<html xmlns="http://www.w3.org/1999/xhtml" xml:lang="en" lang="en">
 <head>
  <title>
</title>
<meta http-equiv="Content-Type" content="text/html;charset=utf-8" />
  <meta name='ocr-system' content='tesseract 3.04.00' />
  <meta name='ocr-capabilities' content='ocr_page ocr_carea ocr_par ocr_line ocrx_word'/>
</head>
<body>
  <div class='ocr_page' id='page_1' title='image "./letterstohisfrie01ciceuoft_0316.png"; bbox 0 0 1442 2392; ppageno 0'>
   <div class='ocr_carea' id='block_1_1' title="bbox 639 155 843 194">
    <p class='ocr_par' dir='ltr' id='par_1_1' title="bbox 639 155 843 194">
     <span class='ocr_line' id='line_1_1' title="bbox 639 155 843 194; baseline -0.005 0"><span class='ocrx_word' id='word_1_1' title='bbox 639 155 843 194; x_wconf 90' lang='lat' dir='ltr'><strong>CICERO</strong></span> 
     </span>
    </p>
   </div>
   <div class='ocr_carea' id='block_1_2' title="bbox 127 257 1381 1922">
    <p class='ocr_par' dir='ltr' id='par_1_2' title="bbox 127 257 1381 1922">
     <span class='ocr_line' id='line_1_2' title="bbox 135 257 1344 310; baseline 0.001 -14"><span class='ocrx_word' id='word_1_2' title='bbox 135 260 327 304; x_wconf 89' lang='lat' dir='ltr'>sentiam,</span> <span class='ocrx_word' id='word_1_3' title='bbox 359 257 433 297; x_wconf 87' lang='lat' dir='ltr'>sed</span> <span class='ocrx_word' id='word_1_4' title='bbox 471 259 581 310; x_wconf 93' lang='lat' dir='ltr'>quod</span> <span class='ocrx_word' id='word_1_5' title='bbox 619 272 669 297; x_wconf 88' lang='lat' dir='ltr'>ea</span> <span class='ocrx_word' id='word_1_6' title='bbox 706 265 750 298; x_wconf 92' lang='lat' dir='ltr'>te</span> <span class='ocrx_word' id='word_1_7' title='bbox 788 261 991 310; x_wconf 81' lang='lat' dir='ltr'>sapientia</span> <span class='ocrx_word' id='word_1_8' title='bbox 1028 272 1117 298; x_wconf 90' lang='lat' dir='ltr'>esse</span> <span class='ocrx_word' id='word_1_9' title='bbox 1153 258 1344 302; x_wconf 85' lang='lat' dir='ltr'>iudicem,</span> 
     </span>
     <span class='ocr_line' id='line_1_3' title="bbox 136 332 1381 388; baseline 0.002 -19"><span class='ocrx_word' id='word_1_10' title='bbox 136 336 184 369; x_wconf 91' lang='lat' dir='ltr'>ut</span> <span class='ocrx_word' id='word_1_11' title='bbox 209 344 348 369; x_wconf 89' lang='lat' dir='ltr'>meum</span> <span class='ocrx_word' id='word_1_12' title='bbox 375 332 586 370; x_wconf 86' lang='lat' dir='ltr'>consilium</span> <span class='ocrx_word' id='word_1_13' title='bbox 615 345 697 370; x_wconf 91' lang='lat' dir='ltr'>non</span> <span class='ocrx_word' id='word_1_14' title='bbox 727 338 978 383; x_wconf 84' lang='lat' dir='ltr'><strong>anteponam</strong></span> <span class='ocrx_word' id='word_1_15' title='bbox 1011 338 1097 378; x_wconf 92' lang='lat' dir='ltr'>tuo,</span> <span class='ocrx_word' id='word_1_16' title='bbox 1126 338 1269 371; x_wconf 78' lang='lat' dir='ltr'>tamen</span> <span class='ocrx_word' id='word_1_17' title='bbox 1300 340 1344 388; x_wconf 70' lang='lat' dir='ltr'>et</span> <span class='ocrx_word' id='word_1_18' title='bbox 1375 340 1381 353; x_wconf 94' lang='lat'>&#39;</span> 
     </span>
     <span class='ocr_line' id='line_1_4' title="bbox 137 391 1343 457; baseline 0 -14"><span class='ocrx_word' id='word_1_19' title='bbox 137 407 340 444; x_wconf 81' lang='lat' dir='ltr'>amicitiae</span> <span class='ocrx_word' id='word_1_20' title='bbox 369 411 534 444; x_wconf 88' lang='lat' dir='ltr'>nostrae</span> <span class='ocrx_word' id='word_1_21' title='bbox 563 411 763 452; x_wconf 85' lang='lat' dir='ltr'>vetustas,</span> <span class='ocrx_word' id='word_1_22' title='bbox 791 411 836 445; x_wconf 89' lang='lat' dir='ltr'>et</span> <span class='ocrx_word' id='word_1_23' title='bbox 862 412 937 445; x_wconf 90' lang='lat' dir='ltr'>tua</span> <span class='ocrx_word' id='word_1_24' title='bbox 963 419 1124 444; x_wconf 87' lang='lat' dir='ltr'>summa</span> <span class='ocrx_word' id='word_1_25' title='bbox 1151 391 1250 457; x_wconf 85' lang='lat' dir='ltr'>erga</span> <span class='ocrx_word' id='word_1_26' title='bbox 1275 392 1343 444; x_wconf 82' lang='lat' dir='ltr'>me</span> 
     </span>
     <span class='ocr_line' id='line_1_5' title="bbox 137 478 1344 530; baseline -0.001 -14"><span class='ocrx_word' id='word_1_27' title='bbox 137 478 440 524; x_wconf 77' lang='lat' dir='ltr'>benevolentia,</span> <span class='ocrx_word' id='word_1_28' title='bbox 465 492 572 530; x_wconf 90' lang='lat' dir='ltr'>quae</span> <span class='ocrx_word' id='word_1_29' title='bbox 598 478 697 516; x_wconf 92' lang='lat' dir='ltr'>mihi</span> <span class='ocrx_word' id='word_1_30' title='bbox 722 481 804 517; x_wconf 90' lang='lat' dir='ltr'>iam</span> <span class='ocrx_word' id='word_1_31' title='bbox 830 493 854 517; x_wconf 91' lang='lat' dir='ltr'>a</span> <span class='ocrx_word' id='word_1_32' title='bbox 878 482 1057 530; x_wconf 87' lang='lat' dir='ltr'>pueritia</span> <span class='ocrx_word' id='word_1_33' title='bbox 1081 485 1155 518; x_wconf 90' lang='lat' dir='ltr'>tua</span> <span class='ocrx_word' id='word_1_34' title='bbox 1179 481 1344 530; x_wconf 85' lang='lat' dir='ltr'>cognita</span> 
     </span>
     <span class='ocr_line' id='line_1_6' title="bbox 137 550 1343 604; baseline 0 -15"><span class='ocrx_word' id='word_1_35' title='bbox 137 556 215 597; x_wconf 91' lang='lat' dir='ltr'>est,</span> <span class='ocrx_word' id='word_1_36' title='bbox 239 565 306 589; x_wconf 92' lang='lat' dir='ltr'>me</span> <span class='ocrx_word' id='word_1_37' title='bbox 330 550 496 589; x_wconf 79' lang='lat' dir='ltr'><strong>hortata</strong></span> <span class='ocrx_word' id='word_1_38' title='bbox 520 557 598 597; x_wconf 89' lang='lat' dir='ltr'>est,</span> <span class='ocrx_word' id='word_1_39' title='bbox 622 557 670 590; x_wconf 90' lang='lat' dir='ltr'>ut</span> <span class='ocrx_word' id='word_1_40' title='bbox 694 565 744 590; x_wconf 88' lang='lat' dir='ltr'>ea</span> <span class='ocrx_word' id='word_1_41' title='bbox 766 553 986 590; x_wconf 83' lang='lat' dir='ltr'>scriberem</span> <span class='ocrx_word' id='word_1_42' title='bbox 1010 551 1063 590; x_wconf 92' lang='lat' dir='ltr'>ad</span> <span class='ocrx_word' id='word_1_43' title='bbox 1086 558 1145 598; x_wconf 89' lang='lat' dir='ltr'>te,</span> <span class='ocrx_word' id='word_1_44' title='bbox 1169 564 1275 604; x_wconf 85' lang='lat' dir='ltr'>quae</span> <span class='ocrx_word' id='word_1_45' title='bbox 1299 556 1343 590; x_wconf 91' lang='lat' dir='ltr'>et</span> 
     </span>
     <span class='ocr_line' id='line_1_7' title="bbox 136 623 1343 672; baseline 0 -10"><span class='ocrx_word' id='word_1_46' title='bbox 136 623 258 662; x_wconf 82' lang='lat' dir='ltr'>saluti</span> <span class='ocrx_word' id='word_1_47' title='bbox 282 630 380 663; x_wconf 88' lang='lat' dir='ltr'>tuae</span> <span class='ocrx_word' id='word_1_48' title='bbox 403 625 631 663; x_wconf 82' lang='lat' dir='ltr'>conducere</span> <span class='ocrx_word' id='word_1_49' title='bbox 655 626 888 672; x_wconf 84' lang='lat' dir='ltr'>arbitrarer,</span> <span class='ocrx_word' id='word_1_50' title='bbox 914 631 960 664; x_wconf 92' lang='lat' dir='ltr'>et</span> <span class='ocrx_word' id='word_1_51' title='bbox 985 639 1068 664; x_wconf 93' lang='lat' dir='ltr'>non</span> <span class='ocrx_word' id='word_1_52' title='bbox 1094 625 1228 664; x_wconf 89' lang='lat' dir='ltr'>aliena</span> <span class='ocrx_word' id='word_1_53' title='bbox 1253 636 1343 664; x_wconf 88' lang='lat' dir='ltr'>esse</span> 
     </span>
     <span class='ocr_line' id='line_1_8' title="bbox 138 697 1343 750; baseline 0.001 -15"><span class='ocrx_word' id='word_1_54' title='bbox 138 697 332 736; x_wconf 85' lang='lat' dir='ltr'>ducerem</span> <span class='ocrx_word' id='word_1_55' title='bbox 357 711 381 736; x_wconf 88' lang='lat' dir='ltr'>a</span> <span class='ocrx_word' id='word_1_56' title='bbox 404 698 624 750; x_wconf 87' lang='lat' dir='ltr'>dignitate.</span> <span class='ocrx_word' id='word_1_57' title='bbox 677 698 766 750; x_wconf 88' lang='lat' dir='ltr'>Ego</span> <span class='ocrx_word' id='word_1_58' title='bbox 791 712 886 736; x_wconf 88' lang='lat' dir='ltr'>eum</span> <span class='ocrx_word' id='word_1_59' title='bbox 909 704 953 738; x_wconf 89' lang='lat' dir='ltr'>te</span> <span class='ocrx_word' id='word_1_60' title='bbox 978 711 1082 744; x_wconf 89' lang='lat' dir='ltr'>esse,</span> <span class='ocrx_word' id='word_1_61' title='bbox 1105 701 1176 750; x_wconf 92' lang='lat' dir='ltr'>qui</span> <span class='ocrx_word' id='word_1_62' title='bbox 1198 697 1343 736; x_wconf 90' lang='lat' dir='ltr'>horum</span> 
     </span>
     <span class='ocr_line' id='line_1_9' title="bbox 135 771 1343 824; baseline 0.001 -15"><span class='ocrx_word' id='word_1_63' title='bbox 135 771 336 809; x_wconf 83' lang='lat' dir='ltr'>malorum</span> <span class='ocrx_word' id='word_1_64' title='bbox 357 773 475 810; x_wconf 87' lang='lat' dir='ltr'>initia</span> <span class='ocrx_word' id='word_1_65' title='bbox 495 771 627 810; x_wconf 90' lang='lat' dir='ltr'>multo</span> <span class='ocrx_word' id='word_1_66' title='bbox 649 777 746 810; x_wconf 87' lang='lat' dir='ltr'>ante</span> <span class='ocrx_word' id='word_1_67' title='bbox 770 772 931 818; x_wconf 89' lang='lat' dir='ltr'>videris,</span> <span class='ocrx_word' id='word_1_68' title='bbox 953 772 1209 811; x_wconf 91' lang='lat' dir='ltr'>consulatum</span> <span class='ocrx_word' id='word_1_69' title='bbox 1229 784 1343 824; x_wconf 82' lang='lat' dir='ltr'>mag-</span> 
     </span>
     <span class='ocr_line' id='line_1_10' title="bbox 136 844 1343 897; baseline 0.002 -15"><span class='ocrx_word' id='word_1_70' title='bbox 136 844 442 883; x_wconf 88' lang='lat' dir='ltr'>nificentissime</span> <span class='ocrx_word' id='word_1_71' title='bbox 501 851 627 896; x_wconf 89' lang='lat' dir='ltr'>atque</span> <span class='ocrx_word' id='word_1_72' title='bbox 683 848 838 896; x_wconf 91' lang='lat' dir='ltr'>optime</span> <span class='ocrx_word' id='word_1_73' title='bbox 893 848 1082 897; x_wconf 88' lang='lat' dir='ltr'>gesseris,</span> <span class='ocrx_word' id='word_1_74' title='bbox 1134 844 1343 896; x_wconf 77' lang='lat' dir='ltr'>praeclare</span> 
     </span>
     <span class='ocr_line' id='line_1_11' title="bbox 135 918 1344 971; baseline 0 -15"><span class='ocrx_word' id='word_1_75' title='bbox 135 920 304 956; x_wconf 91' lang='lat' dir='ltr'>memini</span> <span class='ocrx_word' id='word_1_76' title='bbox 322 931 332 964; x_wconf 90' lang='lat'>;</span> <span class='ocrx_word' id='word_1_77' title='bbox 363 918 563 957; x_wconf 89' lang='lat' dir='ltr'>sedidem</span> <span class='ocrx_word' id='word_1_78' title='bbox 581 921 707 956; x_wconf 89' lang='lat' dir='ltr'>etiam</span> <span class='ocrx_word' id='word_1_79' title='bbox 723 919 792 957; x_wconf 86' lang='lat' dir='ltr'>illa</span> <span class='ocrx_word' id='word_1_80' title='bbox 808 919 904 965; x_wconf 89' lang='lat' dir='ltr'>vidi,</span> <span class='ocrx_word' id='word_1_81' title='bbox 921 931 1056 971; x_wconf 90' lang='lat' dir='ltr'>neque</span> <span class='ocrx_word' id='word_1_82' title='bbox 1072 923 1117 958; x_wconf 89' lang='lat' dir='ltr'>te</span> <span class='ocrx_word' id='word_1_83' title='bbox 1133 918 1344 957; x_wconf 89' lang='lat' dir='ltr'>consilium</span> 
     </span>
     <span class='ocr_line' id='line_1_12' title="bbox 136 976 1343 1044; baseline 0.001 -15"><span class='ocrx_word' id='word_1_84' title='bbox 136 991 261 1030; x_wconf 87' lang='lat' dir='ltr'>civilis</span> <span class='ocrx_word' id='word_1_85' title='bbox 281 976 377 1030; x_wconf 72' lang='lat' dir='ltr'>beili</span> <span class='ocrx_word' id='word_1_86' title='bbox 396 994 456 1029; x_wconf 89' lang='lat' dir='ltr'>ita</span> <span class='ocrx_word' id='word_1_87' title='bbox 474 992 661 1044; x_wconf 87' lang='lat' dir='ltr'>gerendi,</span> <span class='ocrx_word' id='word_1_88' title='bbox 678 1005 814 1043; x_wconf 88' lang='lat' dir='ltr'>neque</span> <span class='ocrx_word' id='word_1_89' title='bbox 833 995 969 1043; x_wconf 88' lang='lat' dir='ltr'>copias</span> <span class='ocrx_word' id='word_1_90' title='bbox 989 991 1064 1030; x_wconf 91' lang='lat' dir='ltr'>Cn.</span> <span class='ocrx_word' id='word_1_91' title='bbox 1082 991 1252 1043; x_wconf 89' lang='lat' dir='ltr'>Pompei</span> <span class='ocrx_word' id='word_1_92' title='bbox 1267 1005 1343 1031; x_wconf 81' lang='lat' dir='ltr'>nec</span> 
     </span>
     <span class='ocr_line' id='line_1_13' title="bbox 135 1065 1342 1118; baseline 0.001 -16"><span class='ocrx_word' id='word_1_93' title='bbox 135 1077 265 1116; x_wconf 85' lang='lat' dir='ltr'>genus</span> <span class='ocrx_word' id='word_1_94' title='bbox 286 1067 492 1103; x_wconf 88' lang='lat' dir='ltr'>exercitus</span> <span class='ocrx_word' id='word_1_95' title='bbox 510 1065 684 1115; x_wconf 89' lang='lat' dir='ltr'>probare</span> <span class='ocrx_word' id='word_1_96' title='bbox 704 1078 949 1118; x_wconf 88' lang='lat' dir='ltr'>semperque</span> <span class='ocrx_word' id='word_1_97' title='bbox 969 1079 1127 1104; x_wconf 92' lang='lat' dir='ltr'>summe</span> <span class='ocrx_word' id='word_1_98' title='bbox 1146 1065 1342 1104; x_wconf 83' lang='lat' dir='ltr'>diffidere.</span> 
     </span>
     <span class='ocr_line' id='line_1_14' title="bbox 136 1137 1342 1190; baseline 0.002 -15"><span class='ocrx_word' id='word_1_99' title='bbox 136 1138 229 1186; x_wconf 83' lang='lat' dir='ltr'>Qua</span> <span class='ocrx_word' id='word_1_100' title='bbox 249 1140 292 1175; x_wconf 87' lang='lat' dir='ltr'>in</span> <span class='ocrx_word' id='word_1_101' title='bbox 313 1140 523 1176; x_wconf 89' lang='lat' dir='ltr'>sententia</span> <span class='ocrx_word' id='word_1_102' title='bbox 543 1151 611 1176; x_wconf 90' lang='lat' dir='ltr'>me</span> <span class='ocrx_word' id='word_1_103' title='bbox 633 1151 797 1190; x_wconf 92' lang='lat' dir='ltr'>quoque</span> <span class='ocrx_word' id='word_1_104' title='bbox 819 1137 959 1184; x_wconf 84' lang='lat' dir='ltr'>fuisse,</span> <span class='ocrx_word' id='word_1_105' title='bbox 980 1141 1178 1177; x_wconf 84' lang='lat' dir='ltr'>memoria</span> <span class='ocrx_word' id='word_1_106' title='bbox 1197 1144 1342 1178; x_wconf 83' lang='lat' dir='ltr'>tenere</span> 
     </span>
     <span class='ocr_line' id='line_1_15' title="bbox 134 1210 1342 1263; baseline 0.002 -15"><span class='ocrx_word' id='word_1_107' title='bbox 134 1216 178 1249; x_wconf 89' lang='lat' dir='ltr'>te</span> <span class='ocrx_word' id='word_1_108' title='bbox 215 1211 402 1249; x_wconf 84' lang='lat' dir='ltr'>arbitror.</span> <span class='ocrx_word' id='word_1_109' title='bbox 466 1211 616 1263; x_wconf 86' lang='lat' dir='ltr'>Itaque</span> <span class='ocrx_word' id='word_1_110' title='bbox 653 1225 789 1263; x_wconf 89' lang='lat' dir='ltr'>neque</span> <span class='ocrx_word' id='word_1_111' title='bbox 826 1217 874 1250; x_wconf 93' lang='lat' dir='ltr'>tu</span> <span class='ocrx_word' id='word_1_112' title='bbox 909 1212 1086 1251; x_wconf 89' lang='lat' dir='ltr'>multum</span> <span class='ocrx_word' id='word_1_113' title='bbox 1120 1210 1342 1252; x_wconf 84' lang='lat' dir='ltr'>interfuisti</span> 
     </span>
     <span class='ocr_line' id='line_1_16' title="bbox 133 1284 1339 1337; baseline 0.002 -15"><span class='ocrx_word' id='word_1_114' title='bbox 133 1284 255 1322; x_wconf 88' lang='lat' dir='ltr'>rebus</span> <span class='ocrx_word' id='word_1_115' title='bbox 276 1284 482 1335; x_wconf 86' lang='lat' dir='ltr'>gerendis,</span> <span class='ocrx_word' id='word_1_116' title='bbox 503 1290 547 1323; x_wconf 90' lang='lat' dir='ltr'>et</span> <span class='ocrx_word' id='word_1_117' title='bbox 568 1297 646 1336; x_wconf 85' lang='lat' dir='ltr'>ego</span> <span class='ocrx_word' id='word_1_118' title='bbox 666 1284 709 1322; x_wconf 91' lang='lat' dir='ltr'>id</span> <span class='ocrx_word' id='word_1_119' title='bbox 727 1298 892 1336; x_wconf 90' lang='lat' dir='ltr'>semper</span> <span class='ocrx_word' id='word_1_120' title='bbox 911 1288 992 1337; x_wconf 86' lang='lat' dir='ltr'>egi,</span> <span class='ocrx_word' id='word_1_121' title='bbox 1012 1298 1065 1324; x_wconf 88' lang='lat' dir='ltr'>ne</span> <span class='ocrx_word' id='word_1_122' title='bbox 1083 1288 1339 1324; x_wconf 86' lang='lat' dir='ltr'>interessem.</span> 
     </span>
     <span class='ocr_line' id='line_1_17' title="bbox 136 1357 1338 1410; baseline 0.002 -16"><span class='ocrx_word' id='word_1_123' title='bbox 136 1357 228 1395; x_wconf 94' lang='lat' dir='ltr'>Non</span> <span class='ocrx_word' id='word_1_124' title='bbox 271 1359 380 1395; x_wconf 90' lang='lat' dir='ltr'>enim</span> <span class='ocrx_word' id='word_1_125' title='bbox 421 1359 469 1395; x_wconf 89' lang='lat' dir='ltr'>iis</span> <span class='ocrx_word' id='word_1_126' title='bbox 511 1357 633 1395; x_wconf 90' lang='lat' dir='ltr'>rebus</span> <span class='ocrx_word' id='word_1_127' title='bbox 674 1358 974 1410; x_wconf 86' lang='lat' dir='ltr'>pugnabamus,</span> <span class='ocrx_word' id='word_1_128' title='bbox 1017 1359 1163 1410; x_wconf 89' lang='lat' dir='ltr'>quibus</span> <span class='ocrx_word' id='word_1_129' title='bbox 1204 1358 1338 1398; x_wconf 72' lang='lat' dir='ltr'>valer‘e</span> 
     </span>
     <span class='ocr_line' id='line_1_18' title="bbox 132 1430 1339 1483; baseline 0.002 -15"><span class='ocrx_word' id='word_1_130' title='bbox 132 1436 383 1480; x_wconf 85' lang='lat' dir='ltr'>poteramus,</span> <span class='ocrx_word' id='word_1_131' title='bbox 401 1430 581 1477; x_wconf 89' lang='lat' dir='ltr'>consilio,</span> <span class='ocrx_word' id='word_1_132' title='bbox 601 1434 863 1478; x_wconf 85' lang='lat' dir='ltr'>auctoritate,</span> <span class='ocrx_word' id='word_1_133' title='bbox 881 1445 1017 1478; x_wconf 86' lang='lat' dir='ltr'>eausa,</span> <span class='ocrx_word' id='word_1_134' title='bbox 1035 1445 1142 1483; x_wconf 85' lang='lat' dir='ltr'>quae</span> <span class='ocrx_word' id='word_1_135' title='bbox 1161 1437 1281 1472; x_wconf 83' lang='lat' dir='ltr'>erant</span> <span class='ocrx_word' id='word_1_136' title='bbox 1295 1435 1339 1472; x_wconf 89' lang='lat' dir='ltr'>in</span> 
     </span>
     <span class='ocr_line' id='line_1_19' title="bbox 132 1503 1337 1557; baseline 0.002 -16"><span class='ocrx_word' id='word_1_137' title='bbox 132 1504 247 1541; x_wconf 90' lang='lat' dir='ltr'>nobis</span> <span class='ocrx_word' id='word_1_138' title='bbox 270 1506 493 1554; x_wconf 87' lang='lat' dir='ltr'>superiora,</span> <span class='ocrx_word' id='word_1_139' title='bbox 516 1503 589 1542; x_wconf 91' lang='lat' dir='ltr'>sed</span> <span class='ocrx_word' id='word_1_140' title='bbox 611 1503 773 1543; x_wconf 87' lang='lat' dir='ltr'>lacertis</span> <span class='ocrx_word' id='word_1_141' title='bbox 797 1510 841 1543; x_wconf 92' lang='lat' dir='ltr'>et</span> <span class='ocrx_word' id='word_1_142' title='bbox 863 1505 1028 1551; x_wconf 88' lang='lat' dir='ltr'>viribus,</span> <span class='ocrx_word' id='word_1_143' title='bbox 1050 1505 1198 1557; x_wconf 89' lang='lat' dir='ltr'>quibus</span> <span class='ocrx_word' id='word_1_144' title='bbox 1217 1517 1337 1556; x_wconf 83' lang='lat' dir='ltr'>pares</span> 
     </span>
     <span class='ocr_line' id='line_1_20' title="bbox 130 1576 1336 1631; baseline 0.002 -17"><span class='ocrx_word' id='word_1_145' title='bbox 130 1589 212 1614; x_wconf 90' lang='lat' dir='ltr'>non</span> <span class='ocrx_word' id='word_1_146' title='bbox 228 1589 404 1615; x_wconf 83' lang='lat' dir='ltr'>eramus.</span> <span class='ocrx_word' id='word_1_147' title='bbox 456 1576 563 1615; x_wconf 87' lang='lat' dir='ltr'>Victi</span> <span class='ocrx_word' id='word_1_148' title='bbox 579 1590 717 1615; x_wconf 88' lang='lat' dir='ltr'>sumus</span> <span class='ocrx_word' id='word_1_149' title='bbox 733 1579 873 1629; x_wconf 88' lang='lat' dir='ltr'>igitur,</span> <span class='ocrx_word' id='word_1_150' title='bbox 888 1583 975 1624; x_wconf 90' lang='lat' dir='ltr'>aut,</span> <span class='ocrx_word' id='word_1_151' title='bbox 990 1581 1023 1616; x_wconf 91' lang='lat' dir='ltr'>si</span> <span class='ocrx_word' id='word_1_152' title='bbox 1039 1581 1143 1617; x_wconf 87' lang='lat' dir='ltr'>vinci</span> <span class='ocrx_word' id='word_1_153' title='bbox 1157 1578 1336 1631; x_wconf 84' lang='lat' dir='ltr'>dignitas</span> 
     </span>
     <span class='ocr_line' id='line_1_21' title="bbox 131 1649 1336 1703; baseline 0.004 -16"><span class='ocrx_word' id='word_1_154' title='bbox 131 1663 213 1688; x_wconf 92' lang='lat' dir='ltr'>non</span> <span class='ocrx_word' id='word_1_155' title='bbox 229 1655 383 1700; x_wconf 88' lang='lat' dir='ltr'>potest,</span> <span class='ocrx_word' id='word_1_156' title='bbox 399 1649 519 1688; x_wconf 86' lang='lat' dir='ltr'>fracti</span> <span class='ocrx_word' id='word_1_157' title='bbox 536 1656 648 1689; x_wconf 84' lang='lat' dir='ltr'>certe</span> <span class='ocrx_word' id='word_1_158' title='bbox 667 1657 711 1689; x_wconf 91' lang='lat' dir='ltr'>et</span> <span class='ocrx_word' id='word_1_159' title='bbox 727 1651 891 1690; x_wconf 83' lang='lat' dir='ltr'>abiecti.</span> <span class='ocrx_word' id='word_1_160' title='bbox 945 1651 994 1689; x_wconf 92' lang='lat' dir='ltr'>In</span> <span class='ocrx_word' id='word_1_161' title='bbox 1011 1665 1092 1703; x_wconf 94' lang='lat' dir='ltr'>quo</span> <span class='ocrx_word' id='word_1_162' title='bbox 1108 1658 1227 1691; x_wconf 91' lang='lat' dir='ltr'>tuum</span> <span class='ocrx_word' id='word_1_163' title='bbox 1243 1666 1336 1692; x_wconf 89' lang='lat' dir='ltr'>con-</span> 
     </span>
     <span class='ocr_line' id='line_1_22' title="bbox 129 1723 1335 1777; baseline 0.003 -16"><span class='ocrx_word' id='word_1_164' title='bbox 129 1723 263 1761; x_wconf 85' lang='lat' dir='ltr'>silium</span> <span class='ocrx_word' id='word_1_165' title='bbox 287 1736 409 1762; x_wconf 90' lang='lat' dir='ltr'>nemo</span> <span class='ocrx_word' id='word_1_166' title='bbox 431 1729 572 1775; x_wconf 88' lang='lat' dir='ltr'>potest</span> <span class='ocrx_word' id='word_1_167' title='bbox 595 1737 677 1762; x_wconf 91' lang='lat' dir='ltr'>non</span> <span class='ocrx_word' id='word_1_168' title='bbox 699 1727 878 1763; x_wconf 85' lang='lat' dir='ltr'>maxime</span> <span class='ocrx_word' id='word_1_169' title='bbox 903 1725 1085 1772; x_wconf 86' lang='lat' dir='ltr'>laudare,</span> <span class='ocrx_word' id='word_1_170' title='bbox 1109 1725 1220 1777; x_wconf 89' lang='lat' dir='ltr'>quod</span> <span class='ocrx_word' id='word_1_171' title='bbox 1242 1739 1335 1765; x_wconf 84' lang='lat' dir='ltr'>cum</span> 
     </span>
     <span class='ocr_line' id='line_1_23' title="bbox 129 1797 1335 1850; baseline 0.003 -16"><span class='ocrx_word' id='word_1_172' title='bbox 129 1809 202 1846; x_wconf 88' lang='lat' dir='ltr'>spe</span> <span class='ocrx_word' id='word_1_173' title='bbox 225 1797 413 1835; x_wconf 89' lang='lat' dir='ltr'>vincendi</span> <span class='ocrx_word' id='word_1_174' title='bbox 436 1797 553 1835; x_wconf 89' lang='lat' dir='ltr'>simul</span> <span class='ocrx_word' id='word_1_175' title='bbox 577 1797 763 1836; x_wconf 88' lang='lat' dir='ltr'>abiecisti</span> <span class='ocrx_word' id='word_1_176' title='bbox 785 1798 971 1836; x_wconf 90' lang='lat' dir='ltr'>certandi</span> <span class='ocrx_word' id='word_1_177' title='bbox 991 1801 1117 1837; x_wconf 88' lang='lat' dir='ltr'>etiam</span> <span class='ocrx_word' id='word_1_178' title='bbox 1135 1799 1335 1850; x_wconf 84' lang='lat' dir='ltr'>cupidita—</span> 
     </span>
     <span class='ocr_line' id='line_1_24' title="bbox 127 1870 1334 1922; baseline 0.003 -15"><span class='ocrx_word' id='word_1_179' title='bbox 127 1875 229 1915; x_wconf 87' lang='lat' dir='ltr'>tem,</span> <span class='ocrx_word' id='word_1_180' title='bbox 248 1870 547 1922; x_wconf 89' lang='lat' dir='ltr'>ostendistique</span> <span class='ocrx_word' id='word_1_181' title='bbox 571 1873 803 1921; x_wconf 90' lang='lat' dir='ltr'>sapientem</span> <span class='ocrx_word' id='word_1_182' title='bbox 829 1877 874 1910; x_wconf 91' lang='lat' dir='ltr'>et</span> <span class='ocrx_word' id='word_1_183' title='bbox 898 1872 1051 1910; x_wconf 90' lang='lat' dir='ltr'>bonum</span> <span class='ocrx_word' id='word_1_184' title='bbox 1069 1874 1199 1910; x_wconf 89' lang='lat' dir='ltr'>civem</span> <span class='ocrx_word' id='word_1_185' title='bbox 1217 1875 1334 1911; x_wconf 81' lang='lat' dir='ltr'>initia</span> 
     </span>
    </p>
   </div>
   <div class='ocr_carea' id='block_1_3' title="bbox 497 2032 1016 2068">
    <p class='ocr_par' dir='ltr' id='par_1_3' title="bbox 497 2032 1016 2068">
     <span class='ocr_line' id='line_1_25' title="bbox 497 2032 1016 2068; baseline 0.004 -2"><span class='ocrx_word' id='word_1_186' title='bbox 497 2037 514 2055; x_wconf 79' lang='lat'><em>⁰</em></span> <span class='ocrx_word' id='word_1_187' title='bbox 535 2032 603 2067; x_wconf 89' lang='lat' dir='ltr'>See</span> <span class='ocrx_word' id='word_1_188' title='bbox 618 2033 750 2067; x_wconf 87' lang='lat' dir='ltr'>Chron.</span> <span class='ocrx_word' id='word_1_189' title='bbox 769 2032 871 2067; x_wconf 91' lang='lat' dir='ltr'>Sum.</span> <span class='ocrx_word' id='word_1_190' title='bbox 888 2037 932 2068; x_wconf 75' lang='lat'>48</span> <span class='ocrx_word' id='word_1_191' title='bbox 949 2044 1016 2068; x_wconf 66' lang='lat' dir='ltr'>mc.</span> 
     </span>
    </p>
   </div>
   <div class='ocr_carea' id='block_1_4' title="bbox 130 2114 208 2149">
    <p class='ocr_par' dir='ltr' id='par_1_4' title="bbox 130 2114 208 2149">
     <span class='ocr_line' id='line_1_26' title="bbox 130 2114 208 2149; baseline 0.013 -1"><span class='ocrx_word' id='word_1_192' title='bbox 130 2114 208 2149; x_wconf 77' lang='lat'>282</span> 
     </span>
    </p>
   </div>
  </div>
 </body>
</html>
