1442 2392
677 135 880 176 CICERO

706 238 850 278 XVIII

617 338 759 364 CICERO
786 338 937 364 LEPTAE

585 411 736 451 Romae,
753 423 860 446 Ans-c.
879 415 958 446 ⁹709.

137 493 158 528 1
228 487 354 528 Simul
372 490 510 540 accepi
527 503 551 526 a
569 489 738 528 Seleuco
755 495 828 528 tuo
844 490 1018 536 litteras,
1035 492 1177 530 statim
1195 494 1376 544 quaesivi

178 557 201 581 e
220 544 346 582 Balbo
364 557 438 594 per
456 543 671 589 codicillos,
691 544 790 595 quid
809 550 918 583 esset
935 548 977 582 in
995 545 1102 596 lege.
1156 546 1376 599 Rescripsit

178 611 260 642 eos,
281 600 350 648 qui
369 596 554 635 facerent
577 600 853 648 praeconium,
872 602 1002 637 vetari
1027 612 1115 638 esse
1135 601 1177 638 in
1196 600 1377 640 decurio-0

176 652 318 696 nibus3
347 654 417 702 qui
438 650 646 697 fecissent,
661 665 742 689 non
761 654 905 691 vetari.
959 653 1096 700 Quare
1115 653 1222 693 bono
1242 657 1376 694 animo

175 708 257 743 sint
275 710 319 743 et
335 707 398 742 tui
417 711 460 743 et
477 708 558 743 mei
575 704 795 744 familiares
814 718 824 750 ;
856 719 991 757 neque
1011 709 1119 745 enim
1137 713 1227 746 erat
1242 707 1377 748 feren-

174 759 286 805 dum,
306 772 413 804 cum,
433 762 502 810 qui
521 758 642 797 hodie
661 759 960 810 haruspicinam
978 759 1178 807 facerent,
1198 764 1240 799 in
1260 775 1376 802 sena·

174 818 265 850 tum
300 812 455 850 Romae
491 812 741 864 legerentur,
779 827 862 859 eos,
899 817 968 865 qui
1005 814 1222 866 aliquando
1258 829 1375 867 prae-

174 869 335 904 conium
360 866 568 912 fecissent,
594 869 636 904 in
661 870 887 918 municipiis
914 868 1152 907 decuriones
1179 882 1267 908 esse
1294 883 1375 909 non

133 925 154 958 2
172 920 307 958 licere.
362 920 427 958 De
463 920 667 971 Hispaniis
701 924 795 959 novi
828 921 941 960 nihil.
997 922 1198 974 Magnum
1231 929 1374 963 tamen

174 976 400 1012 exercitum
427 974 667 1025 Pompeium
692 974 846 1013 habere
871 980 1061 1022 constat;
1102 990 1198 1014 nam
1225 976 1375 1017 Caesar

171 1030 259 1078 ipse
285 1027 338 1066 ad
362 1041 434 1066 nos
460 1030 571 1066 misit
596 1029 830 1079 exemplum
856 1029 1040 1067 Paciaeci
1062 1029 1308 1077 litterarum,
1332 1035 1374 1070 in

171 1095 252 1132 quo
288 1087 391 1127 erat,
426 1081 514 1120 illas
549 1082 739 1120 undecim
775 1096 864 1121 esse
898 1082 1094 1134 legiones.
1147 1083 1372 1136 Scripserat

172 1138 299 1173 etiam
328 1135 508 1173 Messala
534 1135 586 1184 Q.
614 1135 773 1175 Salasso
800 1136 847 1175 P.
874 1136 1061 1175 Curtium
1086 1135 1258 1177 fratrem
1286 1142 1372 1178 eius

169 1191 280 1227 iussu
297 1188 479 1240 Pompeii
495 1192 753 1240 inspectante
770 1193 952 1228 exercitu
967 1190 1246 1238 interfectum,
1262 1193 1372 1244 quod

168 1245 440 1281 consensisset
458 1257 552 1281 cum
572 1243 763 1294 Hispanis
784 1245 1043 1295 quibusdam,
1063 1247 1096 1283 si
1115 1248 1156 1283 in
1176 1247 1372 1297 oppidum

168 1299 304 1334 nescio
318 1297 427 1348 quod
440 1297 656 1347 Pompeius
668 1300 727 1336 rei
739 1297 1031 1337 frumentariae
1043 1312 1166 1337 causa
1176 1303 1371 1348 venisset,

128 1355 150 1389 3
170 1363 265 1388 eum
281 1351 628 1402 comprehendere
646 1351 699 1390 ad
716 1351 1015 1404 Caesaremque
1033 1353 1250 1394 deducere.
1303 1355 1370 1395 De

217 1458 233 1473 ⁶
261 1453 317 1495 Off.
341 1455 388 1486 iii.
411 1456 443 1487 7.
461 1457 482 1487 4
504 1454 576 1487 and
596 1456 629 1487 9.
650 1457 701 1488 13.
752 1454 866 1531 Lepta
889 1454 961 1488 had
976 1454 1067 1489 been
1090 1455 1244 1490 Cicero’s
1263 1468 1368 1500 prae-

163 1497 281 1540 fectus
301 1497 450 1540 fabrum
476 1499 512 1530 in
539 1497 674 1531 Cilicia.
723 1498 780 1532 He
827 1498 872 1531 ad
901 1498 991 1532 been
1017 1509 1040 1532 a
1066 1498 1274 1542 Pompeiam
1302 1501 1367 1535 but

170 1551 339 1617 333⁰&ss
353 1541 925 1627 afflffssngatssgassissgnf⁰ssy⁵ffie
935 1544 1366 1629 ffissffiisinyffissfflsffi

174 1627 238 1689 thei
252 1630 336 1703 nleffig
354 1630 536 1703 LezteIrulia
555 1670 796 1713 Municipalis.
838 1670 1070 1705 Auctioneers
1085 1683 1176 1705 were
1190 1673 1363 1715 regarded

174 1713 259 1745 with
280 1712 502 1753 detestation,
524 1714 596 1747 like
616 1714 870 1756 pawnbrokers
891 1715 962 1747 and
983 1725 1124 1748 usurers
1145 1716 1228 1749 with
1250 1726 1303 1755 us,
1322 1727 1363 1751 as

167 1756 312 1798 trading
338 1767 384 1789 on
411 1757 472 1790 the
499 1757 726 1790 missortunes
753 1758 793 1790 of
817 1758 945 1796 others,
972 1758 1046 1791 and
1072 1769 1163 1792 were
1188 1759 1364 1795 therefore

167 1799 338 1832 excluded
368 1799 460 1833 from
491 1801 551 1834 the
589 1801 781 1843 municipal
820 1803 1037 1844 magistraey
1073 1801 1145 1835 and
1183 1806 1363 1837 senate.—

164 1841 372 1919 Ty‘frglileero
390 1886 526 1920 alludes
545 1889 584 1920 to
601 1897 670 1920 one
689 1887 863 1929 Ruspina,
882 1897 904 1919 a
923 1886 1072 1926 divinet,
1090 1887 1209 1921 whom
1229 1888 1360 1922 Caesar

155 1930 226 1963 had
256 1931 361 1964 made
389 1943 411 1964 a
445 1931 586 1964 Roman
618 1936 770 1965 senator.
823 1933 1045 1975 Haruspices
1078 1945 1168 1967 were
1198 1935 1369 1970 excluded

156 1974 250 2006 from
275 1974 335 2007 the
363 1975 506 2008 Roman
532 1975 664 2008 Senate
687 1987 726 2008 as
750 1976 858 2017 being
885 1977 1095 2020 foreigners.
1119 1978 1191 2012 and
1215 1979 1368 2022 perhaps

155 2017 231 2050 also
248 2028 288 2051 as
303 2018 433 2061 taking
452 2030 583 2062 money
599 2019 654 2052 for
670 2019 762 2052 their
777 2021 940 2053 services.

160 2074 238 2108 504
