<?xml version="1.0" encoding="UTF-8"?>
<!DOCTYPE html PUBLIC "-//W3C//DTD XHTML 1.0 Transitional//EN"
    "http://www.w3.org/TR/xhtml1/DTD/xhtml1-transitional.dtd">
<html xmlns="http://www.w3.org/1999/xhtml" xml:lang="en" lang="en">
 <head>
  <title>
</title>
<meta http-equiv="Content-Type" content="text/html;charset=utf-8" />
  <meta name='ocr-system' content='tesseract 3.04.00' />
  <meta name='ocr-capabilities' content='ocr_page ocr_carea ocr_par ocr_line ocrx_word'/>
</head>
<body>
  <div class='ocr_page' id='page_1' title='image "./letterstohisfrie01ciceuoft_0104.png"; bbox 0 0 1442 2392; ppageno 0'>
   <div class='ocr_carea' id='block_1_1' title="bbox 127 642 165 673">
    <p class='ocr_par' dir='ltr' id='par_1_1' title="bbox 127 642 165 673">
     <span class='ocr_line' id='line_1_1' title="bbox 127 642 165 673; baseline 0.026 -1"><span class='ocrx_word' id='word_1_1' title='bbox 127 642 165 673; x_wconf 86' lang='lat'><strong>18</strong></span> 
     </span>
    </p>
   </div>
   <div class='ocr_carea' id='block_1_2' title="bbox 697 153 900 193">
    <p class='ocr_par' dir='ltr' id='par_1_2' title="bbox 697 153 900 193">
     <span class='ocr_line' id='line_1_2' title="bbox 697 153 900 193; baseline 0.005 -1"><span class='ocrx_word' id='word_1_2' title='bbox 697 153 900 193; x_wconf 88' lang='lat' dir='ltr'>CICERO</span> 
     </span>
    </p>
   </div>
   <div class='ocr_carea' id='block_1_3' title="bbox 179 257 1404 1547">
    <p class='ocr_par' dir='ltr' id='par_1_3' title="bbox 179 257 1404 1547">
     <span class='ocr_line' id='line_1_3' title="bbox 193 257 1404 310; baseline 0.003 -15"><span class='ocrx_word' id='word_1_3' title='bbox 193 257 456 296; x_wconf 87' lang='lat' dir='ltr'><strong>confirmatus</strong></span> <span class='ocrx_word' id='word_1_4' title='bbox 487 258 702 296; x_wconf 81' lang='lat' dir='ltr'><strong>consulatu</strong></span> <span class='ocrx_word' id='word_1_5' title='bbox 733 265 886 304; x_wconf 84' lang='lat' dir='ltr'><strong>nostro,</strong></span> <span class='ocrx_word' id='word_1_6' title='bbox 917 264 1232 310; x_wconf 77' lang='lat' dir='ltr'><strong>nonnumquam.</strong></span> <span class='ocrx_word' id='word_1_7' title='bbox 1257 264 1404 310; x_wconf 62' lang='lat' dir='ltr'><strong>post-aa</strong></span> 
     </span>
     <span class='ocr_line' id='line_1_4' title="bbox 192 312 1404 363; baseline 0.005 -14"><span class='ocrx_word' id='word_1_8' title='bbox 192 314 462 363; x_wconf 85' lang='lat' dir='ltr'><strong>interruptus,</strong></span> <span class='ocrx_word' id='word_1_9' title='bbox 482 312 654 351; x_wconf 88' lang='lat' dir='ltr'><strong>afflictus</strong></span> <span class='ocrx_word' id='word_1_10' title='bbox 676 319 774 351; x_wconf 88' lang='lat' dir='ltr'><strong>ante</strong></span> <span class='ocrx_word' id='word_1_11' title='bbox 795 319 838 351; x_wconf 91' lang='lat' dir='ltr'><strong>te</strong></span> <span class='ocrx_word' id='word_1_12' title='bbox 859 313 1081 359; x_wconf 90' lang='lat' dir='ltr'><strong>consulem,</strong></span> <span class='ocrx_word' id='word_1_13' title='bbox 1101 318 1315 352; x_wconf 84' lang='lat' dir='ltr'><strong>recreatus:</strong></span> <span class='ocrx_word' id='word_1_14' title='bbox 1330 313 1404 355; x_wconf 73' lang='lat' dir='ltr'><strong>abs</strong></span> 
     </span>
     <span class='ocr_line' id='line_1_5' title="bbox 193 367 1404 418; baseline 0.002 -14"><span class='ocrx_word' id='word_1_15' title='bbox 193 371 236 404; x_wconf 92' lang='lat' dir='ltr'><strong>te</strong></span> <span class='ocrx_word' id='word_1_16' title='bbox 265 372 378 404; x_wconf 90' lang='lat' dir='ltr'><strong>totus</strong></span> <span class='ocrx_word' id='word_1_17' title='bbox 407 372 485 413; x_wconf 85' lang='lat' dir='ltr'><strong>est,</strong></span> <span class='ocrx_word' id='word_1_18' title='bbox 513 381 621 405; x_wconf 91' lang='lat' dir='ltr'><strong>nunc</strong></span> <span class='ocrx_word' id='word_1_19' title='bbox 649 367 701 405; x_wconf 88' lang='lat' dir='ltr'><strong>ab</strong></span> <span class='ocrx_word' id='word_1_20' title='bbox 728 370 790 413; x_wconf 90' lang='lat' dir='ltr'><strong>iis,</strong></span> <span class='ocrx_word' id='word_1_21' title='bbox 819 381 843 405; x_wconf 88' lang='lat' dir='ltr'><strong>a</strong></span> <span class='ocrx_word' id='word_1_22' title='bbox 870 368 1017 418; x_wconf 90' lang='lat' dir='ltr'><strong>quibus</strong></span> <span class='ocrx_word' id='word_1_23' title='bbox 1045 367 1224 406; x_wconf 90' lang='lat' dir='ltr'><strong>tuendus</strong></span> <span class='ocrx_word' id='word_1_24' title='bbox 1252 367 1404 414; x_wconf 76' lang='lat' dir='ltr'><strong>fuerat,</strong></span> 
     </span>
     <span class='ocr_line' id='line_1_6' title="bbox 192 420 1403 474; baseline 0.002 -16"><span class='ocrx_word' id='word_1_25' title='bbox 192 420 440 467; x_wconf 80' lang='lat' dir='ltr'><strong>derelictus3</strong></span> <span class='ocrx_word' id='word_1_26' title='bbox 490 421 615 472; x_wconf 90' lang='lat' dir='ltr'><strong>idque</strong></span> <span class='ocrx_word' id='word_1_27' title='bbox 651 435 734 459; x_wconf 92' lang='lat' dir='ltr'><strong>non</strong></span> <span class='ocrx_word' id='word_1_28' title='bbox 769 421 900 459; x_wconf 89' lang='lat' dir='ltr'><strong>solum</strong></span> <span class='ocrx_word' id='word_1_29' title='bbox 935 420 1072 460; x_wconf 88' lang='lat' dir='ltr'><strong>fronte</strong></span> <span class='ocrx_word' id='word_1_30' title='bbox 1108 427 1236 474; x_wconf 85' lang='lat' dir='ltr'><strong>atque</strong></span> <span class='ocrx_word' id='word_1_31' title='bbox 1272 421 1403 468; x_wconf 76' lang='lat' dir='ltr'><strong>vultu,</strong></span> 
     </span>
     <span class='ocr_line' id='line_1_7' title="bbox 192 474 1402 525; baseline 0.002 -12"><span class='ocrx_word' id='word_1_32' title='bbox 192 475 339 525; x_wconf 89' lang='lat' dir='ltr'><strong>quibus</strong></span> <span class='ocrx_word' id='word_1_33' title='bbox 374 475 580 514; x_wconf 84' lang='lat' dir='ltr'>simulatio</span> <span class='ocrx_word' id='word_1_34' title='bbox 614 474 806 514; x_wconf 85' lang='lat' dir='ltr'>facillime</span> <span class='ocrx_word' id='word_1_35' title='bbox 840 478 1080 522; x_wconf 78' lang='lat' dir='ltr'><strong>sustinetur,</strong></span> <span class='ocrx_word' id='word_1_36' title='bbox 1115 475 1330 517; x_wconf 75' lang='lat' dir='ltr'><strong>declarant</strong></span> <span class='ocrx_word' id='word_1_37' title='bbox 1348 478 1402 522; x_wconf 69' lang='lat' dir='ltr'><strong>ji,</strong></span> 
     </span>
     <span class='ocr_line' id='line_1_8' title="bbox 192 530 1402 581; baseline 0.002 -14"><span class='ocrx_word' id='word_1_38' title='bbox 192 531 261 580; x_wconf 90' lang='lat' dir='ltr'><strong>qui</strong></span> <span class='ocrx_word' id='word_1_39' title='bbox 291 535 381 567; x_wconf 89' lang='lat' dir='ltr'><strong>tum</strong></span> <span class='ocrx_word' id='word_1_40' title='bbox 411 536 550 568; x_wconf 87' lang='lat' dir='ltr'><strong>nostro</strong></span> <span class='ocrx_word' id='word_1_41' title='bbox 578 530 647 568; x_wconf 93' lang='lat' dir='ltr'><strong>illo</strong></span> <span class='ocrx_word' id='word_1_42' title='bbox 676 536 790 568; x_wconf 88' lang='lat' dir='ltr'><strong>statu</strong></span> <span class='ocrx_word' id='word_1_43' title='bbox 819 533 1041 581; x_wconf 82' lang='lat' dir='ltr'><strong>optimates</strong></span> <span class='ocrx_word' id='word_1_44' title='bbox 1070 530 1402 576; x_wconf 74' lang='lat' dir='ltr'><strong>nominabantur,</strong></span> 
     </span>
     <span class='ocr_line' id='line_1_9' title="bbox 189 583 1401 636; baseline 0.002 -16"><span class='ocrx_word' id='word_1_45' title='bbox 189 583 263 621; x_wconf 89' lang='lat' dir='ltr'><strong>sed</strong></span> <span class='ocrx_word' id='word_1_46' title='bbox 280 586 407 622; x_wconf 91' lang='lat' dir='ltr'><strong>etiam</strong></span> <span class='ocrx_word' id='word_1_47' title='bbox 424 584 651 622; x_wconf 81' lang='lat' dir='ltr'><strong>sentential</strong></span> <span class='ocrx_word' id='word_1_48' title='bbox 666 598 791 635; x_wconf 86' lang='lat' dir='ltr'><strong>saepe</strong></span> <span class='ocrx_word' id='word_1_49' title='bbox 807 587 890 622; x_wconf 89' lang='lat' dir='ltr'><strong>iam</strong></span> <span class='ocrx_word' id='word_1_50' title='bbox 905 584 1142 636; x_wconf 82' lang='lat' dir='ltr'><strong>tabellaque</strong></span> <span class='ocrx_word' id='word_1_51' title='bbox 1159 585 1401 624; x_wconf 79' lang='lat' dir='ltr'><strong>docuerunt.</strong></span> 
     </span>
     <span class='ocr_line' id='line_1_10' title="bbox 195 637 1402 690; baseline 0.002 -15"><span class='ocrx_word' id='word_1_52' title='bbox 195 637 343 688; x_wconf 87' lang='lat' dir='ltr'><strong>Itaque</strong></span> <span class='ocrx_word' id='word_1_53' title='bbox 372 644 463 676; x_wconf 90' lang='lat' dir='ltr'><strong>tota</strong></span> <span class='ocrx_word' id='word_1_54' title='bbox 490 641 573 676; x_wconf 87' lang='lat' dir='ltr'><strong>iam</strong></span> <span class='ocrx_word' id='word_1_55' title='bbox 601 641 849 689; x_wconf 90' lang='lat' dir='ltr'><strong>sapientium</strong></span> <span class='ocrx_word' id='word_1_56' title='bbox 877 641 1039 685; x_wconf 89' lang='lat' dir='ltr'><strong>civium,</strong></span> <span class='ocrx_word' id='word_1_57' title='bbox 1067 639 1233 690; x_wconf 89' lang='lat' dir='ltr'><strong>qualem</strong></span> <span class='ocrx_word' id='word_1_58' title='bbox 1259 651 1328 677; x_wconf 89' lang='lat' dir='ltr'><strong>me</strong></span> <span class='ocrx_word' id='word_1_59' title='bbox 1357 643 1402 678; x_wconf 78' lang='lat' dir='ltr'><strong>et</strong></span> 
     </span>
     <span class='ocr_line' id='line_1_11' title="bbox 191 692 1399 739; baseline 0.002 -10"><span class='ocrx_word' id='word_1_60' title='bbox 191 704 279 730; x_wconf 88' lang='lat' dir='ltr'><strong>esse</strong></span> <span class='ocrx_word' id='word_1_61' title='bbox 321 697 365 730; x_wconf 87' lang='lat' dir='ltr'><strong>et</strong></span> <span class='ocrx_word' id='word_1_62' title='bbox 404 695 611 730; x_wconf 90' lang='lat' dir='ltr'><strong>numerari</strong></span> <span class='ocrx_word' id='word_1_63' title='bbox 650 693 754 739; x_wconf 91' lang='lat' dir='ltr'><strong>volo,</strong></span> <span class='ocrx_word' id='word_1_64' title='bbox 795 699 839 731; x_wconf 90' lang='lat' dir='ltr'><strong>et</strong></span> <span class='ocrx_word' id='word_1_65' title='bbox 878 696 1088 732; x_wconf 89' lang='lat' dir='ltr'><strong>sententia</strong></span> <span class='ocrx_word' id='word_1_66' title='bbox 1127 699 1172 732; x_wconf 90' lang='lat' dir='ltr'><strong>et</strong></span> <span class='ocrx_word' id='word_1_67' title='bbox 1210 692 1399 732; x_wconf 81' lang='lat' dir='ltr'><strong>voluntas</strong></span> 
     </span>
     <span class='ocr_line' id='line_1_12' title="bbox 189 744 1399 793; baseline 0.002 -9"><span class='ocrx_word' id='word_1_68' title='bbox 189 751 353 784; x_wconf 83' lang='lat' dir='ltr'><strong>mutata</strong></span> <span class='ocrx_word' id='word_1_69' title='bbox 378 760 467 785; x_wconf 89' lang='lat' dir='ltr'><strong>esse</strong></span> <span class='ocrx_word' id='word_1_70' title='bbox 493 747 634 785; x_wconf 87' lang='lat' dir='ltr'><strong>debet.</strong></span> <span class='ocrx_word' id='word_1_71' title='bbox 688 747 739 785; x_wconf 90' lang='lat' dir='ltr'><strong>Id</strong></span> <span class='ocrx_word' id='word_1_72' title='bbox 763 750 873 785; x_wconf 89' lang='lat' dir='ltr'><strong>enim</strong></span> <span class='ocrx_word' id='word_1_73' title='bbox 897 748 1015 786; x_wconf 90' lang='lat' dir='ltr'><strong>iubet</strong></span> <span class='ocrx_word' id='word_1_74' title='bbox 1037 747 1149 786; x_wconf 88' lang='lat' dir='ltr'><strong>idem</strong></span> <span class='ocrx_word' id='word_1_75' title='bbox 1172 747 1241 786; x_wconf 91' lang='lat' dir='ltr'><strong>ille</strong></span> <span class='ocrx_word' id='word_1_76' title='bbox 1265 744 1399 793; x_wconf 81' lang='lat' dir='ltr'><strong>Plato,</strong></span> 
     </span>
     <span class='ocr_line' id='line_1_13' title="bbox 189 801 1398 854; baseline 0.002 -16"><span class='ocrx_word' id='word_1_77' title='bbox 189 813 312 851; x_wconf 92' lang='lat' dir='ltr'><strong>quem</strong></span> <span class='ocrx_word' id='word_1_78' title='bbox 342 814 419 852; x_wconf 85' lang='lat' dir='ltr'><strong>ego</strong></span> <span class='ocrx_word' id='word_1_79' title='bbox 448 801 718 839; x_wconf 90' lang='lat' dir='ltr'><strong>vehementer</strong></span> <span class='ocrx_word' id='word_1_80' title='bbox 742 808 953 840; x_wconf 87' lang='lat' dir='ltr'><strong>auctorem</strong></span> <span class='ocrx_word' id='word_1_81' title='bbox 981 815 1158 854; x_wconf 86' lang='lat' dir='ltr'><strong>sequor:</strong></span> <span class='ocrx_word' id='word_1_82' title='bbox 1193 807 1398 841; x_wconf 86' lang='lat' dir='ltr'><strong>“tantum</strong></span> 
     </span>
     <span class='ocr_line' id='line_1_14' title="bbox 187 855 1397 908; baseline 0.002 -16"><span class='ocrx_word' id='word_1_83' title='bbox 187 855 438 893; x_wconf 85' lang='lat' dir='ltr'><strong>contendere</strong></span> <span class='ocrx_word' id='word_1_84' title='bbox 485 858 527 893; x_wconf 89' lang='lat' dir='ltr'><strong>in</strong></span> <span class='ocrx_word' id='word_1_85' title='bbox 573 856 797 906; x_wconf 85' lang='lat' dir='ltr'><strong>republica,</strong></span> <span class='ocrx_word' id='word_1_86' title='bbox 845 862 1048 908; x_wconf 87' lang='lat' dir='ltr'><strong>quantum</strong></span> <span class='ocrx_word' id='word_1_87' title='bbox 1093 856 1268 907; x_wconf 84' lang='lat' dir='ltr'><strong>probare</strong></span> <span class='ocrx_word' id='word_1_88' title='bbox 1315 858 1397 897; x_wconf 78' lang='lat' dir='ltr'><strong>tuis</strong></span> 
     </span>
     <span class='ocr_line' id='line_1_15' title="bbox 186 910 1397 962; baseline 0.002 -15"><span class='ocrx_word' id='word_1_89' title='bbox 186 910 340 948; x_wconf 85' lang='lat' dir='ltr'><strong>civibus</strong></span> <span class='ocrx_word' id='word_1_90' title='bbox 380 912 524 960; x_wconf 86' lang='lat' dir='ltr'><strong>possis,</strong></span> <span class='ocrx_word' id='word_1_91' title='bbox 562 913 643 948; x_wconf 91' lang='lat' dir='ltr'><strong>vim</strong></span> <span class='ocrx_word' id='word_1_92' title='bbox 681 923 817 961; x_wconf 84' lang='lat' dir='ltr'><strong>neque</strong></span> <span class='ocrx_word' id='word_1_93' title='bbox 853 913 1018 961; x_wconf 87' lang='lat' dir='ltr'><strong>parenti</strong></span> <span class='ocrx_word' id='word_1_94' title='bbox 1063 923 1212 962; x_wconf 76' lang='lat' dir='ltr'><strong>nequev</strong></span> <span class='ocrx_word' id='word_1_95' title='bbox 1236 913 1397 962; x_wconf 71' lang='lat' dir='ltr'><strong>patriae</strong></span> 
     </span>
     <span class='ocr_line' id='line_1_16' title="bbox 192 962 1396 1016; baseline 0.002 -16"><span class='ocrx_word' id='word_1_96' title='bbox 192 962 326 1001; x_wconf 82' lang='lat' dir='ltr'><strong>afferri</strong></span> <span class='ocrx_word' id='word_1_97' title='bbox 338 963 571 1015; x_wconf 86' lang='lat' dir='ltr'><strong>oportere.&#39;’</strong></span> <span class='ocrx_word' id='word_1_98' title='bbox 610 965 752 1016; x_wconf 91' lang='lat' dir='ltr'><strong>Atque</strong></span> <span class='ocrx_word' id='word_1_99' title='bbox 765 964 870 1003; x_wconf 90' lang='lat' dir='ltr'><strong>hanc</strong></span> <span class='ocrx_word' id='word_1_100' title='bbox 881 965 1049 1016; x_wconf 90' lang='lat' dir='ltr'><strong>quidem</strong></span> <span class='ocrx_word' id='word_1_101' title='bbox 1060 965 1128 1004; x_wconf 94' lang='lat' dir='ltr'><strong>ille</strong></span> <span class='ocrx_word' id='word_1_102' title='bbox 1143 978 1310 1004; x_wconf 85' lang='lat' dir='ltr'><strong>causam</strong></span> <span class='ocrx_word' id='word_1_103' title='bbox 1319 964 1396 1006; x_wconf 85' lang='lat' dir='ltr'><strong>sibi</strong></span> 
     </span>
     <span class='ocr_line' id='line_1_17' title="bbox 187 1018 1396 1071; baseline 0.003 -17"><span class='ocrx_word' id='word_1_104' title='bbox 187 1020 246 1055; x_wconf 86' lang='lat' dir='ltr'><strong>ait</strong></span> <span class='ocrx_word' id='word_1_105' title='bbox 279 1031 362 1056; x_wconf 91' lang='lat' dir='ltr'><strong>non</strong></span> <span class='ocrx_word' id='word_1_106' title='bbox 392 1019 663 1070; x_wconf 86' lang='lat' dir='ltr'><strong>attingendae</strong></span> <span class='ocrx_word' id='word_1_107' title='bbox 701 1019 949 1070; x_wconf 91' lang='lat' dir='ltr'><strong>reipublicae</strong></span> <span class='ocrx_word' id='word_1_108' title='bbox 978 1018 1118 1065; x_wconf 87' lang='lat' dir='ltr'><strong>fuisse,</strong></span> <span class='ocrx_word' id='word_1_109' title='bbox 1149 1018 1274 1071; x_wconf 88' lang='lat' dir='ltr'><strong>quod,</strong></span> <span class='ocrx_word' id='word_1_110' title='bbox 1301 1031 1396 1059; x_wconf 87' lang='lat' dir='ltr'><strong>cum</strong></span> 
     </span>
     <span class='ocr_line' id='line_1_18' title="bbox 185 1070 1396 1124; baseline 0.002 -15"><span class='ocrx_word' id='word_1_111' title='bbox 185 1070 423 1111; x_wconf 85' lang='lat' dir='ltr'><strong>offendisset</strong></span> <span class='ocrx_word' id='word_1_112' title='bbox 459 1073 657 1124; x_wconf 90' lang='lat' dir='ltr'><strong>populum</strong></span> <span class='ocrx_word' id='word_1_113' title='bbox 694 1073 994 1112; x_wconf 89' lang='lat' dir='ltr'><strong>Atheniensem</strong></span> <span class='ocrx_word' id='word_1_114' title='bbox 1035 1086 1164 1124; x_wconf 88' lang='lat' dir='ltr'><strong>prope</strong></span> <span class='ocrx_word' id='word_1_115' title='bbox 1204 1075 1288 1113; x_wconf 86' lang='lat' dir='ltr'><strong>iam</strong></span> <span class='ocrx_word' id='word_1_116' title='bbox 1318 1072 1396 1113; x_wconf 73' lang='lat' dir='ltr'><strong>vde.-</strong></span> 
     </span>
     <span class='ocr_line' id='line_1_19' title="bbox 184 1126 1395 1179; baseline 0.002 -15"><span class='ocrx_word' id='word_1_117' title='bbox 184 1128 404 1176; x_wconf 90' lang='lat' dir='ltr'><strong>sipientem</strong></span> <span class='ocrx_word' id='word_1_118' title='bbox 426 1133 658 1173; x_wconf 88' lang='lat' dir='ltr'><strong>senectute,</strong></span> <span class='ocrx_word' id='word_1_119' title='bbox 679 1141 856 1179; x_wconf 89' lang='lat' dir='ltr'><strong>cumque</strong></span> <span class='ocrx_word' id='word_1_120' title='bbox 879 1141 974 1166; x_wconf 90' lang='lat' dir='ltr'><strong>eum</strong></span> <span class='ocrx_word' id='word_1_121' title='bbox 996 1141 1074 1166; x_wconf 87' lang='lat' dir='ltr'><strong>nec</strong></span> <span class='ocrx_word' id='word_1_122' title='bbox 1094 1126 1395 1179; x_wconf 65' lang='lat' dir='ltr'><strong>persuadendo,</strong></span> 
     </span>
     <span class='ocr_line' id='line_1_20' title="bbox 184 1181 1396 1233; baseline 0.002 -15"><span class='ocrx_word' id='word_1_123' title='bbox 184 1193 260 1218; x_wconf 91' lang='lat' dir='ltr'><strong>nec</strong></span> <span class='ocrx_word' id='word_1_124' title='bbox 279 1181 374 1219; x_wconf 88' lang='lat' dir='ltr'><strong>nisi2</strong></span> <span class='ocrx_word' id='word_1_125' title='bbox 392 1182 578 1233; x_wconf 87' lang='lat' dir='ltr'><strong>cogendo</strong></span> <span class='ocrx_word' id='word_1_126' title='bbox 596 1185 685 1233; x_wconf 86' lang='lat' dir='ltr'><strong>regi</strong></span> <span class='ocrx_word' id='word_1_127' title='bbox 703 1195 824 1233; x_wconf 88' lang='lat' dir='ltr'><strong>posse</strong></span> <span class='ocrx_word' id='word_1_128' title='bbox 843 1182 1026 1228; x_wconf 89' lang='lat' dir='ltr'><strong>vidisset,</strong></span> <span class='ocrx_word' id='word_1_129' title='bbox 1045 1195 1138 1220; x_wconf 89' lang='lat' dir='ltr'><strong>cum</strong></span> <span class='ocrx_word' id='word_1_130' title='bbox 1157 1181 1396 1233; x_wconf 81' lang='lat' dir='ltr'><strong>persuaderi</strong></span> 
     </span>
     <span class='ocr_line' id='line_1_21' title="bbox 183 1235 1394 1287; baseline 0.002 -14"><span class='ocrx_word' id='word_1_131' title='bbox 183 1248 301 1285; x_wconf 90' lang='lat' dir='ltr'><strong>posse</strong></span> <span class='ocrx_word' id='word_1_132' title='bbox 321 1235 538 1282; x_wconf 89' lang='lat' dir='ltr'><strong>diffideret,</strong></span> <span class='ocrx_word' id='word_1_133' title='bbox 557 1239 647 1287; x_wconf 87' lang='lat' dir='ltr'><strong>cogi</strong></span> <span class='ocrx_word' id='word_1_134' title='bbox 666 1235 727 1274; x_wconf 86' lang='lat' dir='ltr'><strong>fas</strong></span> <span class='ocrx_word' id='word_1_135' title='bbox 748 1249 837 1275; x_wconf 89' lang='lat' dir='ltr'><strong>esse</strong></span> <span class='ocrx_word' id='word_1_136' title='bbox 856 1250 938 1275; x_wconf 92' lang='lat' dir='ltr'><strong>non</strong></span> <span class='ocrx_word' id='word_1_137' title='bbox 957 1237 1239 1275; x_wconf 87' lang='lat' dir='ltr'><strong>arbitraretur.</strong></span> <span class='ocrx_word' id='word_1_138' title='bbox 1280 1235 1394 1277; x_wconf 45' lang='lat' dir='ltr'><strong>&lt;Mea</strong></span> 
     </span>
     <span class='ocr_line' id='line_1_22' title="bbox 182 1288 1393 1342; baseline 0.001 -15"><span class='ocrx_word' id='word_1_139' title='bbox 182 1292 286 1327; x_wconf 86' lang='lat' dir='ltr'><strong>ratio</strong></span> <span class='ocrx_word' id='word_1_140' title='bbox 307 1288 386 1328; x_wconf 87' lang='lat' dir='ltr'><strong>fuit</strong></span> <span class='ocrx_word' id='word_1_141' title='bbox 407 1290 499 1336; x_wconf 89' lang='lat' dir='ltr'><strong>alia,</strong></span> <span class='ocrx_word' id='word_1_142' title='bbox 519 1291 644 1341; x_wconf 88' lang='lat' dir='ltr'><strong>quod,</strong></span> <span class='ocrx_word' id='word_1_143' title='bbox 664 1303 800 1342; x_wconf 88' lang='lat' dir='ltr'><strong>neque</strong></span> <span class='ocrx_word' id='word_1_144' title='bbox 820 1291 1051 1341; x_wconf 88' lang='lat' dir='ltr'><strong>desipiente</strong></span> <span class='ocrx_word' id='word_1_145' title='bbox 1071 1290 1237 1342; x_wconf 84' lang='lat' dir='ltr'><strong>popu10,</strong></span> <span class='ocrx_word' id='word_1_146' title='bbox 1257 1302 1393 1342; x_wconf 85' lang='lat' dir='ltr'><strong>neque</strong></span> 
     </span>
     <span class='ocr_line' id='line_1_23' title="bbox 179 1344 1393 1396; baseline 0.002 -16"><span class='ocrx_word' id='word_1_147' title='bbox 179 1345 343 1394; x_wconf 87' lang='lat' dir='ltr'><strong>integra</strong></span> <span class='ocrx_word' id='word_1_148' title='bbox 363 1357 407 1382; x_wconf 93' lang='lat' dir='ltr'><strong>re</strong></span> <span class='ocrx_word' id='word_1_149' title='bbox 428 1344 528 1382; x_wconf 89' lang='lat' dir='ltr'><strong>mihi</strong></span> <span class='ocrx_word' id='word_1_150' title='bbox 549 1345 603 1382; x_wconf 88' lang='lat' dir='ltr'><strong>ad</strong></span> <span class='ocrx_word' id='word_1_151' title='bbox 623 1345 932 1390; x_wconf 90' lang='lat' dir='ltr'><strong>consulendum,</strong></span> <span class='ocrx_word' id='word_1_152' title='bbox 953 1357 1265 1396; x_wconf 88' lang='lat' dir='ltr'><strong>capesseremne</strong></span> <span class='ocrx_word' id='word_1_153' title='bbox 1285 1356 1393 1383; x_wconf 81' lang='lat' dir='ltr'><strong>rem-</strong></span> 
     </span>
     <span class='ocr_line' id='line_1_24' title="bbox 182 1398 1397 1449; baseline 0.002 -14"><span class='ocrx_word' id='word_1_154' title='bbox 182 1398 401 1447; x_wconf 89' lang='lat' dir='ltr'><strong>publicam,</strong></span> <span class='ocrx_word' id='word_1_155' title='bbox 425 1399 657 1449; x_wconf 87' lang='lat' dir='ltr'><strong>implicatus</strong></span> <span class='ocrx_word' id='word_1_156' title='bbox 689 1400 876 1438; x_wconf 87' lang='lat' dir='ltr'><strong>tenebar.</strong></span> <span class='ocrx_word' id='word_1_157' title='bbox 929 1399 1011 1437; x_wconf 88' lang='lat' dir='ltr'><strong>Sed</strong></span> <span class='ocrx_word' id='word_1_158' title='bbox 1040 1399 1220 1438; x_wconf 81' lang='lat' dir='ltr'><strong>laetatus</strong></span> <span class='ocrx_word' id='word_1_159' title='bbox 1249 1404 1397 1438; x_wconf 78' lang='lat' dir='ltr'><strong>tamen</strong></span> 
     </span>
     <span class='ocr_line' id='line_1_25' title="bbox 180 1452 1391 1503; baseline 0.001 -14"><span class='ocrx_word' id='word_1_160' title='bbox 180 1465 285 1498; x_wconf 88' lang='lat' dir='ltr'><strong>sum,</strong></span> <span class='ocrx_word' id='word_1_161' title='bbox 306 1453 417 1503; x_wconf 91' lang='lat' dir='ltr'><strong>quod</strong></span> <span class='ocrx_word' id='word_1_162' title='bbox 435 1453 534 1491; x_wconf 89' lang='lat' dir='ltr'><strong>mihi</strong></span> <span class='ocrx_word' id='word_1_163' title='bbox 554 1453 698 1492; x_wconf 87' lang='lat' dir='ltr'><strong>liceret</strong></span> <span class='ocrx_word' id='word_1_164' title='bbox 717 1456 759 1491; x_wconf 91' lang='lat' dir='ltr'><strong>in</strong></span> <span class='ocrx_word' id='word_1_165' title='bbox 779 1454 926 1492; x_wconf 92' lang='lat' dir='ltr'><strong>eadem</strong></span> <span class='ocrx_word' id='word_1_166' title='bbox 950 1467 1072 1492; x_wconf 85' lang='lat' dir='ltr'><strong>causa</strong></span> <span class='ocrx_word' id='word_1_167' title='bbox 1092 1459 1137 1492; x_wconf 87' lang='lat' dir='ltr'><strong>et</strong></span> <span class='ocrx_word' id='word_1_168' title='bbox 1155 1453 1255 1492; x_wconf 89' lang='lat' dir='ltr'><strong>mihi</strong></span> <span class='ocrx_word' id='word_1_169' title='bbox 1274 1452 1391 1492; x_wconf 87' lang='lat' dir='ltr'><strong>utilia</strong></span> 
     </span>
     <span class='ocr_line' id='line_1_26' title="bbox 183 1507 1391 1547; baseline 0.002 -3"><span class='ocrx_word' id='word_1_170' title='bbox 183 1512 227 1544; x_wconf 89' lang='lat' dir='ltr'><strong>et</strong></span> <span class='ocrx_word' id='word_1_171' title='bbox 250 1510 375 1545; x_wconf 85' lang='lat' dir='ltr'><strong>cuivis</strong></span> <span class='ocrx_word' id='word_1_172' title='bbox 398 1508 506 1546; x_wconf 92' lang='lat' dir='ltr'><strong>bono</strong></span> <span class='ocrx_word' id='word_1_173' title='bbox 530 1514 645 1546; x_wconf 91' lang='lat' dir='ltr'><strong>recta</strong></span> <span class='ocrx_word' id='word_1_174' title='bbox 667 1507 907 1546; x_wconf 86' lang='lat' dir='ltr'><strong>defendere.</strong></span> <span class='ocrx_word' id='word_1_175' title='bbox 962 1508 1055 1546; x_wconf 91' lang='lat' dir='ltr'><strong>Huc</strong></span> <span class='ocrx_word' id='word_1_176' title='bbox 1083 1509 1255 1547; x_wconf 86' lang='lat' dir='ltr'><strong>accessit</strong></span> <span class='ocrx_word' id='word_1_177' title='bbox 1282 1520 1391 1546; x_wconf 90' lang='lat' dir='ltr'><strong>com-</strong></span> 
     </span>
    </p>
   </div>
   <div class='ocr_carea' id='block_1_4' title="bbox 182 1618 1393 1792">
    <p class='ocr_par' dir='ltr' id='par_1_4' title="bbox 182 1618 1393 1792">
     <span class='ocr_line' id='line_1_27' title="bbox 229 1618 1390 1662; baseline 0 -10"><span class='ocrx_word' id='word_1_178' title='bbox 229 1618 242 1638; x_wconf 88' lang='lat'>¹</span> <span class='ocrx_word' id='word_1_179' title='bbox 269 1619 407 1661; x_wconf 80' lang='lat' dir='ltr'><strong>Tyrrell</strong></span> <span class='ocrx_word' id='word_1_180' title='bbox 430 1621 565 1654; x_wconf 69' lang='lat' dir='ltr'><strong>retains</strong></span> <span class='ocrx_word' id='word_1_181' title='bbox 590 1631 708 1658; x_wconf 89' lang='lat' dir='ltr'><strong>sensu,</strong></span> <span class='ocrx_word' id='word_1_182' title='bbox 730 1620 803 1653; x_wconf 76' lang='lat' dir='ltr'><strong>and</strong></span> <span class='ocrx_word' id='word_1_183' title='bbox 820 1620 1009 1654; x_wconf 71' lang='lat' dir='ltr'><strong>translates</strong></span> <span class='ocrx_word' id='word_1_184' title='bbox 1033 1619 1287 1662; x_wconf 69' lang='lat' dir='ltr'><strong>“thescelinys</strong></span> <span class='ocrx_word' id='word_1_185' title='bbox 1312 1619 1390 1661; x_wconf 73' lang='lat' dir='ltr'><strong>they</strong></span> 
     </span>
     <span class='ocr_line' id='line_1_28' title="bbox 182 1663 1393 1706; baseline 0.001 -11"><span class='ocrx_word' id='word_1_186' title='bbox 182 1663 296 1704; x_wconf 81' lang='lat' dir='ltr'><strong>really</strong></span> <span class='ocrx_word' id='word_1_187' title='bbox 313 1664 531 1696; x_wconf 74' lang='lat' dir='ltr'><strong>entertained</strong></span> <span class='ocrx_word' id='word_1_188' title='bbox 548 1664 621 1696; x_wconf 81' lang='lat' dir='ltr'><strong>and</strong></span> <span class='ocrx_word' id='word_1_189' title='bbox 638 1664 820 1706; x_wconf 75' lang='lat' dir='ltr'><strong>expressed</strong></span> <span class='ocrx_word' id='word_1_190' title='bbox 837 1664 876 1696; x_wconf 79' lang='lat' dir='ltr'><strong>in</strong></span> <span class='ocrx_word' id='word_1_191' title='bbox 893 1663 984 1696; x_wconf 84' lang='lat' dir='ltr'><strong>their</strong></span> <span class='ocrx_word' id='word_1_192' title='bbox 1001 1663 1131 1697; x_wconf 74' lang='lat' dir='ltr'><strong>vote³.”</strong></span> <span class='ocrx_word' id='word_1_193' title='bbox 1390 1703 1393 1705; x_wconf 41' lang='grc'><strong>,</strong></span> 
     </span>
     <span class='ocr_line' id='line_1_29' title="bbox 184 1705 1387 1792; baseline 0.001 -53"><span class='ocrx_word' id='word_1_194' title='bbox 184 1705 337 1792; x_wconf 48' lang='lat' dir='ltr'><strong>adzypclesc}</strong></span> <span class='ocrx_word' id='word_1_195' title='bbox 371 1707 402 1740; x_wconf 76' lang='lat' dir='ltr'><strong>is</strong></span> <span class='ocrx_word' id='word_1_196' title='bbox 443 1707 614 1749; x_wconf 73' lang='lat' dir='ltr'><strong>Tyrrell&#39;s</strong></span> <span class='ocrx_word' id='word_1_197' title='bbox 651 1707 837 1750; x_wconf 70' lang='lat' dir='ltr'><strong>inqenious</strong></span> <span class='ocrx_word' id='word_1_198' title='bbox 874 1707 1060 1746; x_wconf 76' lang='lat' dir='ltr'><strong>insertion,</strong></span> <span class='ocrx_word' id='word_1_199' title='bbox 1098 1706 1208 1740; x_wconf 78' lang='lat' dir='ltr'><em>which</em></span> <span class='ocrx_word' id='word_1_200' title='bbox 1247 1705 1271 1740; x_wconf 96' lang='lat' dir='ltr'><strong><em>I</em></strong></span> <span class='ocrx_word' id='word_1_201' title='bbox 1300 1706 1387 1740; x_wconf 77' lang='lat' dir='ltr'><strong>have</strong></span> 
     </span>
    </p>
   </div>
   <div class='ocr_carea' id='block_1_5' title="bbox 182 1841 1387 2093">
    <p class='ocr_par' dir='ltr' id='par_1_5' title="bbox 184 1841 1381 1927">
     <span class='ocr_line' id='line_1_30' title="bbox 227 1841 1381 1883; baseline -0.002 -9"><span class='ocrx_word' id='word_1_202' title='bbox 227 1846 243 1862; x_wconf 77' lang='lat'><em>⁰</em></span> <span class='ocrx_word' id='word_1_203' title='bbox 269 1841 368 1874; x_wconf 79' lang='lat' dir='ltr'><strong>Crito</strong></span> <span class='ocrx_word' id='word_1_204' title='bbox 390 1844 430 1874; x_wconf 85' lang='lat'><strong>51</strong></span> <span class='ocrx_word' id='word_1_205' title='bbox 454 1851 475 1874; x_wconf 89' lang='lat' dir='ltr'>c</span> <span class='ocrx_word' id='word_1_206' title='bbox 494 1843 663 1883; x_wconf 70' lang='grc' dir='ltr'>βιάζεσθαι</span> <span class='ocrx_word' id='word_1_207' title='bbox 684 1842 710 1873; x_wconf 84' lang='grc' dir='ltr'><strong>δ’</strong></span> <span class='ocrx_word' id='word_1_208' title='bbox 729 1844 789 1882; x_wconf 87' lang='grc' dir='ltr'><strong>οὑχ</strong></span> <span class='ocrx_word' id='word_1_209' title='bbox 809 1843 896 1874; x_wconf 83' lang='grc' dir='ltr'>ὅσιον</span> <span class='ocrx_word' id='word_1_210' title='bbox 921 1843 994 1874; x_wconf 80' lang='grc' dir='ltr'>οὔτε</span> <span class='ocrx_word' id='word_1_211' title='bbox 1011 1842 1134 1882; x_wconf 83' lang='grc' dir='ltr'>μητέρα</span> <span class='ocrx_word' id='word_1_212' title='bbox 1154 1843 1226 1873; x_wconf 83' lang='grc' dir='ltr'><strong>οὔτε</strong></span> <span class='ocrx_word' id='word_1_213' title='bbox 1246 1842 1381 1883; x_wconf 74' lang='grc' dir='ltr'>πατέρα,</span> 
     </span>
     <span class='ocr_line' id='line_1_31' title="bbox 184 1886 919 1927; baseline 0.003 -11"><span class='ocrx_word' id='word_1_214' title='bbox 184 1887 269 1916; x_wconf 82' lang='grc' dir='ltr'>πολὺ</span> <span class='ocrx_word' id='word_1_215' title='bbox 293 1886 326 1916; x_wconf 78' lang='grc' dir='ltr'><strong>δὲ</strong></span> <span class='ocrx_word' id='word_1_216' title='bbox 349 1888 470 1917; x_wconf 85' lang='grc' dir='ltr'>τούτων</span> <span class='ocrx_word' id='word_1_217' title='bbox 494 1887 540 1917; x_wconf 83' lang='grc' dir='ltr'><strong>ἔτι</strong></span> <span class='ocrx_word' id='word_1_218' title='bbox 564 1887 662 1924; x_wconf 82' lang='grc' dir='ltr'>ἦττον</span> <span class='ocrx_word' id='word_1_219' title='bbox 684 1887 743 1924; x_wconf 84' lang='grc' dir='ltr'><strong>τὴν</strong></span> <span class='ocrx_word' id='word_1_220' title='bbox 768 1887 919 1927; x_wconf 76' lang='grc' dir='ltr'>πατρίδα.</span> 
     </span>
    </p>

    <p class='ocr_par' dir='ltr' id='par_1_6' title="bbox 185 1927 1383 2013">
     <span class='ocr_line' id='line_1_32' title="bbox 227 1927 1383 1971; baseline 0 -11"><span class='ocrx_word' id='word_1_221' title='bbox 227 1928 240 1948; x_wconf 73' lang='lat'><strong>¹⁵</strong></span> <span class='ocrx_word' id='word_1_222' title='bbox 265 1927 355 1961; x_wconf 81' lang='lat' dir='ltr'><strong>Plat.</strong></span> <span class='ocrx_word' id='word_1_223' title='bbox 372 1927 441 1971; x_wconf 86' lang='lat' dir='ltr'><strong>Ep.</strong></span> <span class='ocrx_word' id='word_1_224' title='bbox 459 1930 492 1967; x_wconf 86' lang='lat'><strong>5,</strong></span> <span class='ocrx_word' id='word_1_225' title='bbox 513 1930 581 1962; x_wconf 71' lang='lat'><strong>322</strong></span> <span class='ocrx_word' id='word_1_226' title='bbox 606 1939 642 1967; x_wconf 73' lang='grc' dir='ltr'><strong>Α,</strong></span> <span class='ocrx_word' id='word_1_227' title='bbox 663 1938 684 1961; x_wconf 74' lang='grc' dir='ltr'><strong>Β</strong></span> <span class='ocrx_word' id='word_1_228' title='bbox 710 1930 851 1961; x_wconf 81' lang='grc' dir='ltr'>Πλάτων</span> <span class='ocrx_word' id='word_1_229' title='bbox 876 1930 937 1970; x_wconf 79' lang='grc' dir='ltr'><strong>ὀψὲ</strong></span> <span class='ocrx_word' id='word_1_230' title='bbox 962 1930 995 1960; x_wconf 78' lang='grc' dir='ltr'><strong>ἐν</strong></span> <span class='ocrx_word' id='word_1_231' title='bbox 1019 1927 1061 1969; x_wconf 79' lang='grc' dir='ltr'><strong>τῇ</strong></span> <span class='ocrx_word' id='word_1_232' title='bbox 1083 1929 1214 1970; x_wconf 74' lang='grc' dir='ltr'>πατρίδι</span> <span class='ocrx_word' id='word_1_233' title='bbox 1235 1928 1383 1968; x_wconf 72' lang='grc' dir='ltr'><strong>γέγονεν,</strong></span> 
     </span>
     <span class='ocr_line' id='line_1_33' title="bbox 185 1973 987 2013; baseline 0.001 -10"><span class='ocrx_word' id='word_1_234' title='bbox 185 1974 237 2003; x_wconf 80' lang='grc' dir='ltr'><strong>καὶ</strong></span> <span class='ocrx_word' id='word_1_235' title='bbox 260 1974 315 2003; x_wconf 85' lang='grc' dir='ltr'><strong>τὸν</strong></span> <span class='ocrx_word' id='word_1_236' title='bbox 342 1973 441 2011; x_wconf 81' lang='grc' dir='ltr'>δῆμον</span> <span class='ocrx_word' id='word_1_237' title='bbox 466 1974 647 2013; x_wconf 84' lang='grc' dir='ltr'>κατέλαβεν</span> <span class='ocrx_word' id='word_1_238' title='bbox 670 1974 733 2012; x_wconf 82' lang='grc' dir='ltr'><strong>ἤδη</strong></span> <span class='ocrx_word' id='word_1_239' title='bbox 757 1974 987 2013; x_wconf 80' lang='grc' dir='ltr'>πρεσβύτερον.</span> 
     </span>
    </p>

    <p class='ocr_par' dir='ltr' id='par_1_7' title="bbox 182 2013 1387 2093">
     <span class='ocr_line' id='line_1_34' title="bbox 228 2013 1387 2057; baseline 0 -10"><span class='ocrx_word' id='word_1_240' title='bbox 228 2019 241 2036; x_wconf 79' lang='lat'>⁶</span> <span class='ocrx_word' id='word_1_241' title='bbox 265 2014 307 2047; x_wconf 91' lang='lat' dir='ltr'><strong>In</strong></span> <span class='ocrx_word' id='word_1_242' title='bbox 331 2015 386 2047; x_wconf 89' lang='lat' dir='ltr'><strong>his</strong></span> <span class='ocrx_word' id='word_1_243' title='bbox 409 2015 536 2057; x_wconf 84' lang='lat' dir='ltr'><strong>speech</strong></span> <span class='ocrx_word' id='word_1_244' title='bbox 563 2015 619 2048; x_wconf 85' lang='lat' dir='ltr'><strong>On</strong></span> <span class='ocrx_word' id='word_1_245' title='bbox 643 2015 698 2048; x_wconf 77' lang='lat' dir='ltr'><strong>the</strong></span> <span class='ocrx_word' id='word_1_246' title='bbox 722 2015 899 2049; x_wconf 70' lang='lat' dir='ltr'><strong>Oonsular</strong></span> <span class='ocrx_word' id='word_1_247' title='bbox 920 2015 1110 2048; x_wconf 72' lang='lat' dir='ltr'><strong>Provinces</strong></span> <span class='ocrx_word' id='word_1_248' title='bbox 1134 2015 1171 2047; x_wconf 87' lang='lat' dir='ltr'><strong>in</strong></span> <span class='ocrx_word' id='word_1_249' title='bbox 1198 2013 1315 2047; x_wconf 84' lang='lat' dir='ltr'><strong>which</strong></span> <span class='ocrx_word' id='word_1_250' title='bbox 1336 2013 1387 2047; x_wconf 81' lang='lat' dir='ltr'><strong>&#39;he</strong></span> 
     </span>
     <span class='ocr_line' id='line_1_35' title="bbox 182 2057 1160 2093; baseline 0 -2"><span class='ocrx_word' id='word_1_251' title='bbox 182 2058 378 2091; x_wconf 79' lang='lat' dir='ltr'><strong>advocated</strong></span> <span class='ocrx_word' id='word_1_252' title='bbox 393 2059 454 2092; x_wconf 87' lang='lat' dir='ltr'><strong>the</strong></span> <span class='ocrx_word' id='word_1_253' title='bbox 468 2060 706 2092; x_wconf 83' lang='lat' dir='ltr'><strong>continuance</strong></span> <span class='ocrx_word' id='word_1_254' title='bbox 722 2059 764 2093; x_wconf 81' lang='lat' dir='ltr'><strong>of</strong></span> <span class='ocrx_word' id='word_1_255' title='bbox 776 2059 938 2093; x_wconf 74' lang='lat' dir='ltr'><strong>Caesar-’s</strong></span> <span class='ocrx_word' id='word_1_256' title='bbox 952 2057 1160 2092; x_wconf 79' lang='lat' dir='ltr'><strong>command.</strong></span> 
     </span>
    </p>
   </div>
   <div class='ocr_carea' id='block_1_6' title="bbox 189 2116 240 2150">
    <p class='ocr_par' dir='ltr' id='par_1_8' title="bbox 189 2116 240 2150">
     <span class='ocr_line' id='line_1_36' title="bbox 189 2116 240 2150; baseline 0 0"><span class='ocrx_word' id='word_1_257' title='bbox 189 2116 240 2150; x_wconf 81' lang='lat'><strong>70</strong></span> 
     </span>
    </p>
   </div>
  </div>
 </body>
</html>
