1442 2392
87 1470 127 1502 10

661 138 866 179 CICERO

155 245 407 290 existimare,
420 248 464 282 te
475 246 665 282 maximis
677 243 730 282 de
743 243 866 282 rebus
881 257 906 282 a
918 242 1047 283 fratre
1060 255 1150 283 esse
1163 242 1344 283 celatum
1357 255 1368 290 ς

156 332 219 369 sin
237 337 379 370 autem
398 330 552 382 aliquid
568 333 797 382 impertivit
814 331 891 370 tibi
909 333 971 370 sui
989 330 1143 377 consili,
1160 329 1263 369 lenis
1282 343 1308 369 a.
1322 335 1369 370 te

157 423 201 456 et
228 416 357 457 facilis
395 420 621 457 existimari
654 418 802 464 debeo,
831 421 901 470 qui
929 417 1030 456 nihil
1057 423 1197 457 tecum
1225 417 1278 457 de
1306 416 1368 457 his

155 507 252 556 ipsis
264 506 387 544 rebus
404 505 678 556 expostulem.
720 505 791 552 Et,
807 508 840 544 si
854 505 1061 557 intellegis
1076 519 1159 544 non
1172 518 1240 544 me
1254 505 1366 544 dicto

158 591 335 638 Metelli,
358 598 406 631 ut
427 593 581 639 scribis,
603 593 677 632 sed
698 592 864 632 consilio
887 595 973 632 eius
996 595 1214 645 animoque
1235 594 1279 631 in
1298 603 1367 650 me

157 682 433 718 inimicissimo
453 693 543 718 esse
563 686 829 726 commotum,
843 693 1043 732 cognosce
1058 693 1167 718 nune
1181 679 1367 719 humani-

156 772 290 805 tatem
313 769 538 806 meam—si
565 766 800 806 humanitas
829 766 1076 818 appellanda
1103 772 1168 806 est
1190 769 1234 805 in
1255 778 1366 806 acer-

155 854 322 892 bissima
349 857 496 892 iniuria
523 857 707 893 remissio
737 857 861 893 animi
890 868 938 893 ac
966 854 1192 894 dissolutio.
1245 852 1366 906 Nulla

156 947 221 980 est
243 955 268 980 a
288 955 356 981 me
378 956 574 994 umquam
597 945 807 981 sententia
828 942 940 982 dicta
960 945 1003 981 in
1024 941 1197 981 fratrem
1217 946 1366 987 tuum}

155 1032 495 1081 quotiescumque
518 1029 673 1082 aliquid
695 1036 760 1069 est
782 1036 935 1076 actum,
958 1030 1105 1069 sedens
1127 1032 1176 1068 iis
1198 1030 1366 1085 assensi,

156 1119 225 1168 qui
255 1117 355 1155 mihi
384 1117 590 1156 lenissime
620 1120 774 1156 sentire
805 1120 878 1156 visi
907 1123 1018 1156 sunt.
1072 1116 1237 1156 Addam
1265 1115 1367 1161 illud

155 1207 296 1251 etiam,
324 1205 436 1256 quod
460 1207 543 1243 iam
572 1218 650 1257 ego
677 1218 819 1243 curare
847 1218 930 1243 non
956 1204 1096 1251 debui,
1122 1203 1197 1247 sed
1222 1208 1366 1243 tamen

156 1291 242 1329 fieri
264 1305 346 1330 non
367 1291 541 1330 moleste
562 1291 653 1338 tuli,
676 1297 802 1345 atque
825 1293 966 1338 etiam,
989 1297 1036 1330 ut
1055 1293 1117 1330 ita
1138 1274 1271 1338 fieret,
1291 1289 1366 1343 pro

154 1391 247 1416 mea
265 1385 384 1430 parte
404 1379 555 1425 adiuvi,
574 1385 622 1418 ut
640 1385 808 1417 senatus
826 1378 1012 1418 consulto
1030 1391 1147 1417 meus
1164 1379 1365 1423 inimicus,

155 1469 252 1517 quia
274 1471 369 1504 tuus
391 1465 521 1504 frater
544 1472 648 1512 erat,
670 1466 967 1505 sublevaretur.
1021 1464 1159 1514 Quare
1181 1478 1265 1504 non
1286 1477 1365 1516 ego

155 1552 370 1605 oppugnavi
397 1552 567 1591 fratrem
597 1558 731 1599 tuum,
760 1552 834 1592 sed
861 1552 979 1591 fratri
1008 1558 1082 1591 tuo
1109 1543 1364 1604 repugnavi3

154 1642 287 1678 necin
303 1645 362 1686 te,
379 1646 426 1679 ut
442 1640 596 1686 scribis,
613 1639 738 1678 animo
754 1638 811 1678 fui
829 1638 969 1686 mobili,
985 1639 1059 1678 sed
1073 1642 1134 1678 ita
1149 1638 1301 1684 stabili,
1317 1643 1365 1678 ut

153 1729 195 1764 in
220 1740 314 1765 mea
338 1740 446 1778 ergav
461 1733 506 1765 te
530 1727 759 1772 voluntate,
785 1729 911 1765 etiam
936 1726 1124 1765 desertus
1150 1726 1202 1764 ab
1225 1725 1364 1764 officiis

154 1816 250 1859 tuis,
287 1827 587 1864 permanerem.
641 1814 782 1865 Atque
820 1813 897 1851 hoc
934 1815 1022 1864 ipso
1059 1817 1248 1863 tempore
1286 1811 1362 1850 tibi

207 2001 222 2017 ⁰
246 2007 310 2039 ay.
344 1996 400 2030 his
433 1996 617 2040 expulsion
650 1996 743 2030 from
778 1995 890 2029 office.
938 1995 1050 2029 Jeans
1082 1993 1271 2029 translates
1304 1993 1327 2009 ‘⁸
1340 1989 1360 2028 a

159 2040 326 2082 proposal
343 2040 398 2073 for
413 2042 585 2083 granting
601 2040 675 2074 him
691 2051 714 2073 a
730 2039 792 2073 bill
809 2040 850 2073 of
863 2037 1100 2082 indemnity.''

165 2096 241 2131 332
