1442 2392
681 161 884 201 CICERO

176 262 324 302 infimis
347 263 506 303 fueram
530 265 744 311 iucundus,
768 266 964 316 proficisci
988 269 1029 303 in
1054 265 1235 305 Ciliciam
1254 266 1384 305 >Nonis

179 326 301 364 Maiis
329 332 386 372 et,
413 341 505 365 cum
532 331 663 378 prima
690 331 846 366 aestiva
873 331 1103 380 attigissem
1128 329 1384 381 militemque

175 388 451 436 collocassem,
472 390 673 428 decedere
696 404 747 428 ex
769 391 1138 430 senatusconsulto.
1191 391 1321 442 Cupio
1338 397 1384 431 te

176 451 352 490 aedilem
374 452 527 498 videre,
548 456 733 504 miroque
755 453 958 493 desiderio
978 467 1046 493 me
1068 454 1177 493 Urbs
1197 454 1325 494 afficit·
1341 458 1386 496 'et

174 527 318 552 omnes
336 517 417 552 mei
436 520 566 566 tuque
585 518 628 553 in
645 518 801 566 primis.

731 824 831 862 XIV

283 946 329 973 M.
356 947 395 973 τ.
423 948 458 974 c.
487 948 576 975 nur.
604 948 636 976 s.
665 950 704 975 n.
734 949 779 975 M.
808 950 946 975 emmo
973 950 1109 976 AEDILI
1136 949 1283 976 cunum
1338 990 1341 993 Δ

567 1048 777 1087 Laodiceae,
796 1061 902 1083 A.U.C.
922 1052 1000 1083 704.

229 1140 373 1180 Marco
402 1142 543 1188 Fadio,
573 1146 657 1181 viro
686 1146 842 1194 optimo
872 1150 916 1182 et
944 1144 1108 1183 homine
1136 1145 1384 1193 doctissimo,

176 1203 488 1243 familiarissime
534 1211 640 1252 utor,
685 1206 936 1257 mirificeque
983 1219 1077 1245 eum
1123 1207 1247 1260 diligo
1291 1215 1383 1246 cum

176 1273 345 1318 propter
377 1281 581 1306 summum
613 1271 823 1320 ingenium
857 1272 943 1308 eius
975 1283 1260 1322 summamque
1292 1270 1385 1309 doc-

176 1332 341 1376 trinam,
372 1335 464 1369 tum
495 1336 664 1381 propter
694 1332 943 1383 singularem
974 1333 1234 1372 modestiam.
1286 1332 1385 1373 Eius

177 1396 391 1443 negotium
422 1396 478 1430 sic
509 1393 630 1431 velim
661 1397 870 1445 suscipias,
901 1401 949 1433 ut
978 1397 1012 1433 si
1043 1401 1154 1434 esset
1183 1409 1248 1434 res
1277 1409 1385 1435 mea.

179 1455 281 1492 Novi
316 1468 394 1506 ego
427 1469 496 1494 vos
529 1470 700 1507 magnos
732 1463 952 1507 patronos3
986 1457 1194 1496 hominem
1225 1458 1386 1497 occidat

176 1523 356 1567 oportet,
372 1521 441 1569 qui
458 1524 595 1556 vestra
610 1532 735 1569 opera
751 1522 811 1558 uti
828 1520 927 1558 velit
945 1532 954 1565 3
984 1520 1057 1558 sed
1072 1523 1115 1558 in
1130 1519 1206 1559 hoc
1221 1520 1385 1559 homine

176 1580 329 1617 nullam
361 1583 514 1631 accipio
546 1584 868 1620 excusationem.
922 1582 1073 1621 Omnia
1102 1583 1323 1635 relinques,
1341 1576 1385 1622 'si

176 1655 243 1680 me
277 1643 447 1689 amabis,
474 1657 567 1681 cum
595 1650 669 1682 tua
695 1657 821 1695 opera
853 1645 1002 1683 Fadius
1030 1647 1091 1684 uti
1118 1645 1243 1684 volet.
1296 1644 1386 1702 Ego

175 1718 240 1743 res
268 1704 472 1744 Romanas
499 1706 768 1745 vehementer
794 1713 990 1759 exspecto
1018 1714 1062 1746 et
1087 1707 1303 1746 desidero:
1343 1710 1386 1747 in

176 1770 413 1819 primisque,
453 1769 552 1819 quid
591 1782 704 1820 agas,
742 1772 844 1808 scire
883 1773 1031 1821 cupio;
1084 1784 1178 1808 nam
1218 1770 1389 1818 iamdiu,

175 1836 345 1881 propter
385 1830 529 1869 hiemis
570 1833 914 1883 magnitudinem,
951 1832 1051 1871 nihil
1091 1835 1183 1871 novi
1222 1832 1275 1871 ad
1311 1846 1385 1872 nos

175 1892 437 1932 afferebatur.

202 2021 415 2096 [uiuamus
436 2021 568 2054 Fadius
589 2022 726 2060 Gallus,
747 2023 826 2055 who
847 2027 954 2056 wrote
973 2034 993 2055 a
1014 2025 1209 2066 panegyric
1228 2033 1275 2056 on
1295 2022 1384 2056 Cato

180 2075 201 2096 o
288 2075 353 2096 ica.

189 2116 262 2154 136
