1442 2392
679 103 882 147 CICERO

178 212 304 256 venit,
337 211 406 261 qui
438 222 512 260 pro
544 222 588 248 se
621 223 785 248 causam
817 210 944 248 dicier
976 210 1076 250 vult.
1111 211 1236 258 .Non‚
1265 218 1382 264 puto,

177 274 410 326 repudiabis
426 277 468 312 in
484 274 651 320 honore,
668 288 791 326 quem
807 277 849 312 in
863 275 1044 326 periculo
1058 279 1263 328 recepisti.
1293 278 1382 331 Ego

177 346 332 387 autem,
366 353 490 391 quem
522 343 658 391 potius
692 340 888 391 adoptem
921 347 995 380 aut
1026 344 1225 389 invocem,
1258 344 1382 397 quam

176 405 304 452 illum,
322 419 403 457 quo
421 405 673 444 defendente
692 409 853 444 vincere
870 406 992 445 didici
1009 407 1025 445 ?
1059 406 1126 445 An
1143 421 1298 455 verear,
1314 414 1382 456 ne,

176 474 247 523 qui
263 474 641 522 potentissimorum
658 471 868 510 hominum
886 475 1227 524 conspirationem
1244 462 1383 527 negle-

177 539 284 575 xerit
299 550 374 588 pro
389 550 484 575 mea
500 536 647 583 salute,
663 539 697 575 is
713 550 787 588 pro
803 537 956 576 honore
973 550 1067 577 meo
1082 539 1319 590 pusillorum
1330 554 1383 579 ac

174 602 467 640 malevolorum
480 602 802 641 obtrectationes
816 609 860 642 et
872 603 1043 642 invidias
1055 617 1137 642 non
1149 608 1383 655 prosternat

176 673 303 719 atque
337 668 534 706 obterat?
601 667 753 715 Quare,
786 670 819 706 si
852 681 933 714 me,
967 664 1087 707 sicut*
1104 669 1222 716 soles,
1255 683 1382 717 amas,

175 736 333 784 suscipe
356 745 424 771 me
447 738 583 772 totum
607 738 733 784 atque
755 732 846 779 hoc,
870 733 1070 788 quidquid
1093 740 1156 773 est
1179 737 1312 775 oneris
1327 724 1382 782 ac

174 801 368 844 muneris,
382 812 456 849 pro
473 812 567 837 mea
584 798 788 850 dignitate
806 799 882 837 tibi
898 799 1100 839 tuendum
1117 813 1165 838 ac
1181 803 1382 841 sustinen-

174 864 273 903 dum
300 870 417 915 puta.
470 863 555 902 Scis
583 877 719 902 meam
748 863 970 916 fortunam,
999 867 1136 904 nescio
1163 866 1381 918 quomodo,

173 929 292 968 facile
305 930 605 968 obtrectatores
618 932 814 975 invenire,
828 943 909 968 non
922 942 1015 968 meo
1029 930 1210 982 quidem,
1222 931 1382 971 meher—

173 995 298 1041 cules,
326 997 503 1041 merito3
546 995 620 1033 sed
649 997 793 1046 quanti
821 994 864 1033 id
891 994 1034 1042 refert,
1063 995 1099 1034 si
1125 1001 1266 1035 tamen
1294 995 1382 1037 fato

174 1062 310 1098 nescio
335 1073 415 1111 quo
440 1060 620 1098 accidit?
669 1059 710 1098 Si
735 1062 804 1111 qui
828 1058 935 1098 forte
960 1059 1099 1106 fuerit,
1123 1063 1193 1113 qui
1217 1063 1381 1113 nostrae

173 1125 367 1177 dignitati
392 1125 536 1163 obesse
561 1124 674 1171 velit,
697 1131 798 1176 peto
822 1138 847 1163 a
870 1130 929 1171 te,
954 1131 1001 1164 ut
1025 1131 1141 1164 tuam
1165 1116 1381 1168 consuetu-

173 1190 312 1229 dinem
345 1195 390 1229 et
420 1190 711 1229 liberalitatem
743 1193 786 1228 in
816 1203 883 1229 me
916 1191 1088 1229 absente
1120 1190 1380 1234 defendendo

172 1255 271 1294 mihi
289 1261 488 1306 praestes.
543 1255 723 1294 Litteras
742 1255 795 1293 ad
812 1261 1003 1294 senatum
1022 1256 1074 1294 de
1093 1257 1214 1295 rebus
1233 1260 1379 1299 nostris

173 1323 315 1372 gestis,
345 1334 426 1372 quo
458 1320 647 1372 exemplo
676 1323 880 1366 miseram,
908 1319 1014 1359 infra
1044 1321 1119 1360 tibi
1151 1325 1379 1376 perscripsi.

172 1386 334 1424 Dicitur
363 1386 462 1424 mihi
491 1391 586 1424 tuus
616 1399 755 1424 servus
785 1392 1032 1437 anagnostes
1061 1385 1256 1438 fugitivus
1285 1379 1378 1427 cum

170 1444 366 1490 Vardaeis
393 1463 511 1496 esse3
551 1451 603 1489 de
629 1465 710 1503 quo
735 1457 782 1490 tu
807 1451 906 1489 mihi
932 1451 1030 1489 nihil
1055 1452 1274 1499 mandasti,
1299 1466 1378 1506 ego

169 1523 325 1562 tamen,
339 1522 450 1554 terra
463 1519 647 1568 marique
662 1522 709 1555 ut
722 1519 1044 1568 conquireretur,
1057 1518 1348 1568 praemandavi
1365 1531 1376 1566 3

170 1587 214 1620 et
234 1581 419 1632 profecto
441 1582 515 1619 tibi
537 1581 649 1619 illum
671 1584 887 1632 reperiam,
910 1584 985 1620 nisi
1006 1584 1039 1620 si
1059 1584 1102 1619 in
1124 1581 1375 1622 Dahnatiam

167 1645 390 1698 aufugerit,
414 1652 458 1685 et
481 1647 576 1685 inde
601 1652 742 1685 tamen
766 1646 985 1698 aliquando
1009 1660 1163 1686 eruam.
1216 1647 1278 1686 Tu
1302 1661 1374 1688 nos

167 1711 232 1751 fac
252 1724 378 1750 ames.
431 1711 547 1751 Vale.

317 1910 334 1928 ⁸
357 1906 410 1940 To
426 1917 446 1939 a
463 1907 680 1970 supplicatio
695 1906 751 1939 for
767 1905 862 1949 good
870 1908 1011 1958 ‘service
1027 1907 1063 1940 in
1081 1906 1215 1951 Illyria.

539 1950 604 1984 His
621 1961 727 1984 name
743 1961 815 1983 was
833 1950 1038 1994 D1onys1us.

169 2059 248 2100 356
