1442 2392
653 142 856 183 CICERO

149 244 365 296 Mitylenis
384 251 457 284 aut
475 246 607 285 Rhodi
624 247 766 285 malles
785 250 934 287 vivere.
986 249 1069 287 Sed
1085 263 1178 288 cum
1195 252 1254 288 ita
1271 250 1356 290 late

146 305 292 349 pateat
306 303 392 338 eius
404 307 603 351 potestas,
612 315 734 353 quem
741 308 999 349 veremur‚ut
1006 309 1207 343 terrarum
1214 305 1355 344 orbem

147 353 362 404 complexa
390 357 458 400 sit,
484 369 620 394 nonne
644 359 772 394 mavis
800 360 887 395 sine
913 358 1093 408 periculo
1117 363 1217 397 tuae
1245 359 1355 398 domi

148 421 252 453 esse,
269 422 391 459 quam
408 423 501 447 cum
516 410 697 460 periculo
713 411 871 449 alienae
889 412 905 449 ?
958 412 1178 464 Equidem,
1194 416 1355 452 etiamsi

146 463 384 512 oppetenda
404 477 512 502 mors
534 470 658 510 esset,
679 465 789 503 domi
811 471 937 517 atque
958 469 1000 504 in
1021 470 1156 518 patria
1175 467 1354 514 mallem,

145 530 267 567 quam
306 520 347 554 in
387 521 568 556 externis
608 525 734 570 atque
773 520 914 559 alienis
951 520 1062 560 loeis.
1116 521 1206 560 Hoc
1242 522 1354 561 idem

144 584 300 616 omnes,
320 574 389 623 qui
417 577 460 610 te
489 573 680 623 diligunt,
699 577 898 620 sentiunt,
917 588 1090 626 quorum
1113 581 1178 614 est
1203 590 1355 628 magna

144 638 216 674 pro
238 627 318 663 tuis
338 629 526 665 maximis
546 628 858 680 clarissimisque
878 630 1097 668 virtutibus
1115 630 1352 670 multitudo.

94 683 116 716 5
145 679 356 718 Habemus
384 684 511 719 etiam
538 685 739 720 rationem
766 686 825 721 rei
852 682 1060 723 familiaris
1087 690 1200 730 tuae,
1227 698 1352 736 quam

141 733 326 784 dissipari
345 735 546 774 nolumus.
603 736 708 774 Nam
729 740 807 776 etsi
829 737 982 776 nullam
1004 744 1145 790 potest
1166 742 1351 790 accipere

142 790 346 835 iniuriam,
366 802 473 840 quae
501 789 641 828 futura
668 797 872 842 perpetua
896 795 964 838 sit,
986 799 1220 844 propterea,
1240 793 1351 845 quod

143 855 278 892 neque
294 845 342 888 is,
358 847 427 894 qui
443 850 563 882 tenet
577 846 886 896 rempublicam,
900 850 1097 897 patietur,
1112 861 1248 899 neque
1261 851 1351 899 ipsa

142 897 385 947 respublica,
426 904 568 936 tamen
622 902 825 950 impetum
879 901 1134 951 praedonum
1173 904 1216 940 in
1257 907 1350 941 tuas

140 949 325 989 fortunas
353 951 439 990 fieri
467 953 574 991 nolo.
629 953 683 991 Hi
711 960 851 993 autem
879 959 948 1006 qui
975 961 1128 1002 essent,
1154 956 1350 995 auderem

90 1010 110 1041 6
137 1006 327 1051 scribere,
343 1009 419 1044 nisi
436 1012 479 1045 te
499 1008 742 1059 intellegere
757 1009 1018 1049 confiderem.
1072 1010 1150 1049 Hic
1167 1016 1212 1049 te
1229 1013 1349 1050 unius

139 1059 447 1106 sollicitudines,
461 1065 579 1100 unius
594 1066 719 1101 etiam
732 1064 889 1102 multae
903 1070 947 1103 et
960 1065 1146 1103 assiduae
1157 1065 1348 1104 lacrimae

140 1113 185 1151 C.
208 1113 407 1161 Marcelli,
427 1114 564 1154 fratris
583 1120 742 1168 optimi,
762 1118 1037 1168 deprecantur
1054 1132 1064 1164 ς
1097 1133 1170 1158 nos
1189 1133 1286 1158 cura
1304 1125 1349 1159 et

139 1167 277 1206 dolore
306 1172 480 1220 proximi
509 1185 662 1216 sumus,
690 1173 878 1223 precibus
907 1173 1120 1219 tardiores,
1149 1174 1259 1225 quod
1285 1176 1347 1212 ius

137 1222 329 1269 adeundi,
375 1238 468 1262 cum
514 1227 591 1276 ipsi
637 1226 927 1277 deprecatione
974 1231 1221 1279 eguerimus,
1266 1241 1347 1267 non

138 1276 350 1316 habemus.
405 1278 550 1317 Gratia
570 1285 733 1318 tantum
753 1294 981 1331 possumuS,
1002 1288 1202 1334 quantum
1222 1285 1318 1321 victi
1335 1295 1346 1328 ;

137 1331 210 1369 sed
228 1337 369 1369 tamen
387 1334 566 1379 consilio,
583 1335 719 1372 studio
738 1334 935 1374 Marcello
951 1350 1032 1374 non
1048 1337 1256 1375 desumus.
1306 1336 1345 1375 A

135 1387 216 1423 tuis
234 1386 400 1437 reliquis
418 1401 500 1426 non
518 1388 761 1427 adhibemur
777 1402 788 1436 ;
820 1390 873 1428 ad
890 1393 1026 1428 omnia
1042 1394 1175 1442 parati
1192 1405 1344 1430 sumus.

189 1555 204 1570 ‘³
229 1550 403 1594 Possibly,
438 1563 478 1586 as
519 1553 706 1588 Manutius
744 1555 879 1596 thinks,
915 1556 977 1590 the
1013 1557 1174 1591 relatives
1212 1557 1253 1590 of
1288 1557 1342 1591 M.

144 1594 336 1628 Marcellus
361 1596 477 1638 (other
502 1597 589 1631 than
618 1598 672 1631 his
695 1601 818 1632 cousin
843 1600 883 1633 C.
911 1600 1114 1640 Marcellus,
1139 1601 1342 1635 mentioned

140 1637 278 1680 below).
328 1640 387 1672 An
404 1642 562 1674 instance
578 1641 618 1674 of
638 1642 698 1675 the
713 1644 848 1676 seizure
867 1644 908 1676 of
929 1644 1156 1687 Pompeians'
1173 1648 1341 1687 property

141 1685 178 1714 at
194 1682 263 1715 this
282 1684 368 1715 time
389 1684 418 1716 is
440 1683 500 1717 the
521 1686 656 1718 seizure
679 1686 720 1719 of
740 1687 886 1720 Varro’s
907 1687 1018 1722 house
1036 1691 1074 1722 at
1097 1687 1269 1722 Casinum
1293 1689 1340 1731 by

142 1724 291 1768 Antony
307 1726 419 1768 (Phil.
438 1728 473 1760 ii.
495 1729 584 1771 103).
635 1729 783 1772 Tyrrell.

185 1769 197 1788 ⁶
223 1769 337 1803 Three
359 1770 399 1803 of
418 1770 478 1804 the
503 1772 665 1805 Marcelli
688 1784 778 1806 were
800 1773 943 1808 consuls
966 1775 1002 1808 in
1024 1774 1124 1809 three
1145 1777 1341 1809 successive

135 1822 251 1853 years,
275 1813 432 1852 Marcus,
453 1815 533 1848 who
553 1817 668 1849 writes
688 1816 758 1850 this
778 1817 890 1857 letter,
910 1819 947 1851 in
967 1820 1023 1857 51,
1045 1819 1170 1858 Gaius,
1190 1819 1245 1852 his
1263 1819 1340 1853 first

135 1857 271 1895 cousin,
290 1857 326 1889 in
345 1859 400 1896 50,
419 1857 491 1891 and
510 1858 635 1898 Gaius,
654 1859 708 1893 his
726 1860 882 1900 brother,
900 1863 937 1894 in
955 1864 1011 1895 49.
1060 1862 1112 1896 As
1129 1863 1190 1896 the
1207 1861 1339 1896 second

136 1898 260 1937 Gaius,
275 1900 335 1933 the
350 1900 495 1934 brother
509 1901 549 1934 of
563 1903 720 1941 Marcus,
736 1914 887 1946 appears
902 1908 939 1938 to
954 1905 1044 1938 have
1058 1905 1141 1939 died
1156 1907 1191 1939 in
1207 1908 1264 1945 48,
1278 1905 1339 1938 the

135 1941 175 1974 C.
191 1943 382 1976 Marcellus
395 1947 431 1977 to
443 1945 560 1978 whom
571 1945 694 1979 Cicero
705 1947 787 1980 here
800 1947 907 1981 refers
919 1951 1014 1982 must
1025 1948 1155 1982 almost
1166 1948 1339 1992 certainly

133 1983 177 2017 be
202 1986 253 2018 M.
274 1987 496 2022 Marcellus's
517 1991 653 2028 cousin,
670 1990 743 2023 and
765 1994 827 2024 not
843 1992 897 2024 his
917 1992 1072 2030 brother,
1087 1992 1210 2035 frater
1228 1992 1337 2034 being

133 2029 220 2061 used
236 2029 424 2064 elsewhere
438 2031 514 2066 also
530 2032 581 2076 by
597 2032 719 2067 Cicero
735 2034 791 2067 for
808 2034 829 2048 “
844 2046 867 2067 a
883 2035 959 2069 first
973 2035 1136 2070 cousin-'⁹

133 2089 213 2129 286
