1442 2392
653 144 857 184 CICERO

151 252 309 304 putabo
324 250 378 289 ad
391 250 448 297 id,
464 249 575 302 quod
590 249 789 295 volumus,
803 251 1018 300 pervenire
1032 261 1167 300 posse.
1220 248 1270 288 In
1284 248 1361 288 hoc

153 313 243 346 toto
281 318 434 357 genere
471 305 589 355 plura
624 303 787 349 faciam,
824 317 949 355 quam
985 303 1162 342 scribere
1199 303 1333 343 audeo
1344 315 1361 350 ις

152 367 307 407 cetera,
326 373 432 412 quae
452 360 528 397 tibi
552 372 576 396 a
598 358 738 397 multis
763 363 955 409 prompta
973 371 1062 396 esse
1081 363 1196 397 certo
1217 360 1314 404 scio,
1336 371 1362 396 a

154 429 221 454 me
247 420 343 453 sunt
366 416 626 465 paratissima
643 425 654 458 ;
692 412 793 450 nihil
815 415 859 450 in
882 425 927 450 re
952 411 1141 450 familiari
1164 425 1259 451 mea
1283 417 1362 459 est,

155 469 267 522 quod
283 482 362 520 ego
379 481 518 507 meum
535 467 675 505 malim
692 480 796 513 esse,
814 480 938 518 quam
955 472 1088 505 tuum.
1142 466 1232 505 Hac
1248 466 1301 505 de
1317 478 1363 505 re

156 530 200 563 et
220 524 272 562 de
293 523 369 561 hoe
388 535 542 574 genere
562 527 653 560 toto
673 520 750 560 hoc
768 522 899 560 scribo
918 523 1093 572 parcius,
1112 521 1224 573 quod
1243 526 1302 567 te,
1321 520 1364 560 id

156 578 267 629 quod
284 580 372 628 ipse
391 576 565 622 confido,
583 589 748 627 sperare
766 575 890 622 malo,
908 581 952 614 te
972 588 1062 614 esse
1080 589 1248 614 usurum
1266 577 1363 614 tuis.

156 633 402 670 Extremum
422 631 523 669 illud
545 636 623 677 est,
645 636 693 669 ut
713 636 758 668 te
780 643 894 669 orem
916 635 961 668 et
981 630 1206 676 obsecrem,
1228 632 1364 669 animo

158 693 205 725 ut
222 689 402 724 maximo
419 688 487 732 sis,
505 698 582 723 nec
600 698 650 723 ea
667 684 798 723 solum
814 687 1064 730 memineris,
1081 697 1189 735 quae
1207 684 1260 722 ab
1277 683 1364 723 aliis

158 743 318 792 magnis
331 743 424 779 viris
439 742 646 790 accepisti,
659 739 733 778 sed
744 739 813 777 illa
826 742 967 785 etiam,
981 751 1087 790 quae
1099 741 1188 790 ipse
1199 740 1366 790 ingenio

159 796 379 846 studioque
411 796 623 845 peperisti.
677 793 794 841 Quae
827 796 862 831 si
894 793 1074 844 colliges,
1107 798 1152 832 et
1183 793 1366 844 sperabis

161 853 298 888 omnia
310 852 481 900 optime,
496 854 553 894 et,
568 861 674 899 quae
689 847 891 893 accident,
904 847 1217 899 qualiacumque
1231 852 1367 893 erunt,

161 907 371 955 sapienter
406 902 529 941 feres.
582 902 664 940 Sed
701 901 804 940 haec
841 908 889 940 tu
926 901 1071 940 melius
1109 901 1175 939 vel
1211 904 1367 952 optime

163 961 360 997 omnium.
413 957 518 1009 Ego,
534 970 640 1008 quae
655 959 863 1007 pertinere
879 956 931 994 ad
950 961 994 994 te
1013 955 1268 1007 intellegam,
1282 961 1368 996 stu-

164 1013 389 1051 diosissime
415 1014 553 1050 omnia
575 1011 970 1062 diligentissimeque
999 1010 1165 1057 curabo,
1187 1015 1368 1049 tuorum-

165 1080 246 1119 que
280 1068 513 1105 tristissimo
546 1079 640 1103 meo
674 1071 861 1117 tempore
894 1067 1135 1104 meritorum
1168 1077 1268 1117 erga
1302 1072 1369 1104 me

163 1124 405 1161 memoriam
423 1120 686 1159 conservabo.

719 1308 819 1346 XIV

473 1425 520 1452 M.
547 1426 586 1452 Τ.
615 1426 649 1452 C.
677 1425 710 1452 S.
738 1426 778 1451 D.
807 1425 870 1452 CN.
898 1425 1066 1452 PLANCIO

587 1517 736 1556 Romae,
754 1499 862 1551 Ans-c·
880 1519 958 1550 708.

222 1614 344 1652 Binas
376 1627 400 1651 a
430 1619 474 1651 te
507 1614 646 1663 accepi
675 1612 850 1657 litteras,
881 1611 1058 1664 Corcyra
1088 1611 1232 1658 datas3
1277 1625 1376 1664 qua-

167 1683 258 1707 rum
297 1668 436 1706 alteris
473 1666 573 1704 mihi
609 1665 887 1718 gratulabare,
925 1666 1037 1718 quod
1074 1666 1270 1712 audisses,
1307 1679 1375 1705 me

220 1802 236 1817 ⁰
256 1795 402 1829 Gnaeus
413 1795 580 1828 Plancius
590 1804 663 1827 was
673 1797 841 1837 quaestor
850 1794 887 1827 in
899 1792 1078 1833 58,under
1087 1794 1147 1827 the
1156 1796 1376 1836 propraetor,

176 1840 218 1872 L.
240 1840 426 1881 Apuleius,
446 1840 482 1871 in
513 1837 729 1871 Macedonia
755 1837 872 1870 where
897 1837 943 1870 he
973 1836 1117 1870 showed
1143 1840 1246 1880 great
1271 1836 1378 1870 kind-

175 1894 254 1916 ness
271 1886 308 1916 to
326 1882 449 1916 Cicero
465 1882 598 1923 during
614 1881 668 1914 his
685 1881 925 1914 banishment.
974 1880 1122 1923 Having
1137 1880 1228 1914 been
1244 1879 1376 1915 elected

174 1926 298 1960 curule
334 1925 449 1959 aedile
486 1927 522 1958 in
561 1927 617 1964 54,
647 1925 691 1957 he
724 1935 796 1957 was
824 1923 976 1958 accused
1005 1923 1045 1957 of
1070 1923 1214 1966 bribery
1243 1923 1293 1966 by
1323 1923 1376 1957 M.

175 1970 378 2008 Juventius,
401 1969 467 2002 but
488 1968 611 2002 Cicero
633 1966 810 2001 defended
833 1967 906 2000 him
928 1966 1001 2000 and
1023 1967 1068 2000 he
1089 1978 1162 2000 was
1183 1977 1226 2000 ac
1252 1965 1377 2001 uitted.

175 2013 322 2055 Having
341 2012 441 2046 sided
460 2012 545 2044 with
564 2012 624 2044 the
644 2011 858 2053 Pompeians
877 2013 913 2044 in
932 2011 993 2044 the
1011 2009 1101 2044 civil
1120 2021 1223 2050 wars,
1268 2021 1287 2043 e
1306 2020 1379 2044 was

176 2067 256 2089 now
272 2056 384 2098 living
399 2057 436 2089 in
453 2055 542 2089 exile
558 2056 595 2088 in
612 2054 780 2097 Corcyra.

179 2113 256 2146 312
