1442 2392
665 131 867 171 CICERO

164 238 406 282 carissimus,
452 236 607 274 salvum
652 250 893 283 conserves;
954 238 1224 276 incolumitati
1269 244 1369 278 tuae

164 303 425 351 tuorumque,
466 302 536 351 qui
577 313 628 337 ex
669 305 712 338 te
752 300 951 350 pendent,
991 300 1204 346 consulas;
1260 313 1368 352 quae

163 361 354 408 didicisti,
395 375 584 413 quaeque
624 362 676 400 ab
717 362 993 401 adolescentia
1031 362 1304 414 pulcherrime
1342 375 1369 402 a
1430 406 1431 410 Ἰ

164 427 471 475 sapientissimis
491 427 584 463 viris
604 425 772 471 tradita,
792 428 988 464 memoria
1009 431 1053 464 et
1071 428 1242 464 scientia
1261 439 1369 464 com-

163 487 432 538 prehendisti,
454 491 500 526 iis
522 488 598 526 hoc
620 494 807 539 tempore
828 494 946 526 utare
965 501 974 534 3
1012 502 1112 540 quos
1133 491 1369 530 coniunctos

164 563 324 587 summa
366 550 654 588 benevolentia
695 550 961 602 plurimisque
1004 551 1141 589 officiis
1184 553 1370 604 amisisti,
1438 574 1442 582 ·

166 626 306 651 eorum
324 613 586 659 desiderium,
604 616 637 651 si
654 627 736 651 non
754 627 885 665 aequo
904 616 1054 660 animo,
1072 619 1116 652 at
1132 612 1229 652 forti
1245 612 1369 657 feras.

127 681 146 712 3
169 676 269 726 Ego,
290 676 388 726 quid
406 678 571 726 possim,
592 678 742 721 nescio,
761 676 826 713 vel
844 678 981 726 potius
1001 689 1068 714 me
1086 689 1232 727 parum
1249 688 1370 727 posse

166 740 298 776 sentio
317 751 326 783 ;
365 738 465 777 illud
488 744 630 776 tamen
654 739 729 777 tibi
752 738 957 790 polliceor,
980 752 1062 784 me,
1086 751 1371 790 quaecumque
1436 746 1442 789 -ῗ

166 801 286 838 saluti
311 801 587 853 dignitatique
611 806 709 839 tuae
734 801 961 839 conducere
986 801 1226 846 arbitrabor,
1250 805 1370 839 tanto
1439 815 1442 822 ¹

165 863 300 902 studio
323 876 412 901 esse
433 863 653 909 facturum,
675 869 830 914 quanto
852 876 1014 914 semper
1034 869 1081 901 tu
1104 868 1148 902 et
1168 862 1304 901 studio
1325 862 1373 903 etv

163 926 291 964 officio
311 929 353 963 in
373 929 474 964 meis
493 927 616 964 rebus
636 925 763 964 fuisti.
819 925 936 964 Hanc
956 939 1093 964 meam
1112 924 1368 964 voluntatem

164 989 217 1026 ad
234 994 411 1026 matrem
429 994 559 1034 tuam,
579 991 778 1039 optimam
795 987 992 1026 feminam
1011 990 1154 1039 tuique
1174 989 1368 1026 amantis-

163 1054 320 1097 simam,
343 1051 486 1090 detuli.
540 1050 581 1090 Si
603 1051 702 1102 quid
723 1051 776 1089 ad
796 1053 1104 1102 meseripseris,
1125 1053 1185 1089 ita
1204 1049 1371 1097 faciam‚'
1440 1052 1442 1066 ³

162 1120 210 1152 ut
222 1119 266 1152 te
278 1114 382 1152 velle
396 1114 651 1152 intellexero.
706 1113 775 1152 Sin
788 1119 930 1152 autem
942 1119 990 1152 tu
1002 1116 1135 1152 minus
1147 1115 1367 1164 scripseris,

162 1190 240 1228 ego
269 1182 410 1215 tamen
440 1179 589 1222 omnia,
619 1189 726 1228 quae
754 1177 830 1214 tibi
860 1176 976 1214 utilia
1005 1188 1096 1214 esse
1123 1176 1366 1222 arbitrabor,

161 1253 319 1278 summo
341 1239 476 1278 studio
498 1239 800 1292 diligenterque
820 1239 984 1278 curabo.
1037 1237 1153 1278 Vale.

207 1373 223 1389 ⁰
246 1368 355 1401 What
378 1368 557 1401 Domitius
581 1367 652 1400 had
676 1367 781 1406 done,
798 1378 838 1400 or
861 1366 1025 1408 signified
1050 1366 1104 1400 his
1129 1367 1303 1399 intention
1326 1365 1367 1399 of

162 1411 284 1453 doing,
301 1415 338 1445 to
357 1411 425 1445 call
443 1411 500 1445 for
519 1422 558 1445 so
581 1411 667 1454 long
689 1411 761 1444 and
783 1414 923 1444 eal-nest
945 1422 990 1443 an
1007 1409 1243 1449 exhortation,
1267 1412 1363 1444 must

162 1457 297 1488 remain
322 1455 517 1488 unknown.
568 1454 726 1496 Perhaps
751 1454 794 1487 he
819 1454 889 1487 had
914 1453 1120 1487 threatened
1144 1456 1182 1487 to
1201 1452 1279 1496 join
1302 1453 1363 1488 the

163 1498 358 1541 Pompeian
384 1502 489 1541 party
514 1500 551 1532 in
576 1498 700 1541 Spain,
726 1498 841 1531 which
866 1497 1000 1540 Tyrrell
1027 1496 1099 1530 and
1126 1496 1254 1531 Purser
1277 1507 1362 1530 con-

162 1542 255 1576 sider
271 1553 368 1576 more
385 1542 494 1585 likely
511 1542 597 1575 than
615 1543 693 1575 that
709 1542 753 1575 he
769 1540 1032 1584 contemplated
1048 1539 1195 1574 suicide.

158 2104 234 2138 518
