1442 2392
689 144 893 185 CICERO

187 247 250 283 sin
281 246 324 285 id
357 249 449 294 erit,
482 253 530 286 ut
561 249 701 287 scribis
734 255 778 288 et
808 256 855 288 ut
885 263 963 302 ego
996 250 1200 299 arbitror,‘
1215 253 1394 306 spissius,

186 316 300 363 illud,
332 318 442 369 quod
471 317 591 357 facile
624 325 702 366 est,
732 333 786 359 ne
817 321 917 372 quid
947 321 1047 360 mihi
1076 311 1274 374 temporis
1302 330 1395 375 pro-

185 392 367 438 rogetur.
422 388 488 427 De
508 390 718 441 republica
739 404 791 430 ex
812 394 908 438 tuis,
930 398 978 431 ut
999 398 1125 433 antea
1143 393 1220 432 tibi
1239 382 1393 446 scripsi,

182 471 278 496 cum
305 463 554 509 praesentia,
582 466 674 499 tum
702 464 829 500 etiam
856 462 997 501 futura
1023 466 1154 516 magis
1182 470 1390 528 exspecto.

185 527 323 576 Quare
358 535 406 568 ut
440 530 493 569 ad
526 544 594 569 me
628 535 765 571 omnia
798 547 923 585 quam
956 534 1267 586 diligentissime
1300 536 1388 603 pei·-

183 600 349 663 scribas,
368 606 412 639 te
430 601 700 642 vehementer
716 618 830 657 rogo.

756 759 817 798 XI

334 872 382 907 Μ.
407 873 447 900 T.
475 875 511 901 c.
538 875 627 902 IMP.
654 875 687 902 s.
715 877 756 903 n.
783 877 830 903 M.
858 878 997 904 emmo
1023 878 1116 905 Am).
1143 862 1236 907 eua-

569 957 780 998 Laofflceae,
798 971 906 993 A.u.c.
924 963 944 994 ¹7
946 963 1003 994 04.

134 1056 151 1090 1
231 1050 458 1090 Putaresne
482 1066 678 1104 umquam
703 1041 887 1093 accidere
910 1069 1044 1106 posse,
1067 1061 1117 1095 ut
1139 1055 1239 1095 mihi
1262 1057 1388 1096 verba

179 1121 387 1168 deessent,
408 1136 544 1174 neque
566 1124 696 1162 solum
717 1128 798 1163 ista
819 1131 956 1164 vestra
977 1130 1168 1173 oratoria,
1188 1127 1263 1166 sed
1284 1118 1387 1181 haee

180 1195 306 1230 etiam
327 1193 434 1231 levia'
454 1196 687 1233 nostratia?
742 1195 907 1235 Desunt
929 1203 1070 1236 autem
1090 1193 1260 1250 propter
1280 1197 1386 1258 harig:

178 1276 357 1309 causam,
392 1265 502 1315 quod
534 1266 702 1304 mirifice
736 1280 827 1305 sum
860 1267 1069 1315 sollicitus,
1103 1269 1298 1320 quidnam
1331 1269 1384 1317 de

177 1336 390 1384 provinciis
414 1335 673 1374 decernatur.
728 1337 882 1376 Mirum
904 1352 972 1376 me
995 1336 1244 1383 desiderium
1264 1344 1385 1379 tenet

178 1404 315 1450 Urbis,
327 1406 564 1444 incredibile
578 1419 763 1447 meorum
777 1414 904 1460 atque
916 1411 959 1447 in
971 1412 1112 1460 primis
1124 1412 1201 1456 tui,
1213 1412 1383 1450 satietas

176 1480 317 1513 autem
347 1479 608 1526 provinciae3
654 1478 732 1525 vel,
764 1482 860 1530 quia
891 1480 1077 1519 videmur
1107 1480 1383 1530 eam-famam

175 1549 397 1602 corn-secuti,
436 1553 482 1586 ut
517 1561 599 1586 non
635 1554 723 1603 tarn
759 1553 936 1589 accessio
972 1551 1221 1603 quaerenda,
1257 1555 1382 1604 quam

174 1615 339 1654 fortuna
355 1618 581 1656 metuenda
597 1605 692 1665 sit—3⁷
709 1620 788 1667 vel,
805 1623 901 1672 quia
917 1627 1054 1660 totum
1069 1609 1382 1677 negotiurffln

174 1693 241 1725 est
264 1687 434 1739 dignum
461 1690 611 1728 viribus
637 1685 799 1737 nostris,
825 1695 895 1746 qui
921 1695 1075 1732 maiora
1100 1706 1226 1734 onera
1249 1695 1292 1733 in
1313 1692 1381 1749 ἷξες

172 1757 334 1808 publiea
351 1761 552 1798 sustinere
571 1766 615 1798 et
630 1764 781 1811 possim
800 1768 844 1800 et
860 1748 1042 1809 soleam3
1074 1749 1152 1810 vel,
1170 1766 1267 1815 quia
1281 1763 1378 1805 belli

171 1832 310 1880 magni
331 1832 453 1867 timor
471 1832 700 1881 impendet,
720 1833 830 1884 quod
850 1834 1036 1872 videmur
1055 1831 1251 1886 effugere,
1270 1838 1304 1874 s'i
1324 1835 1378 1874 ad

122 1903 144 1936 2
170 1893 436 1938 constitutam
475 1899 584 1939 diem
621 1902 883 1942 deeedemus.
937 1904 1003 1943 De
1039 1897 1265 1956 pantheris,
1286 1901 1377 1961 per?

178 2089 253 2129 126
277 2052 293 2068 ⁶
316 2047 368 2081 Or
385 2047 406 2061 “
423 2051 482 2081 too
499 2050 611 2091 tough
628 2061 650 2083 a
666 2051 925 2094 proposition,'’
942 2052 993 2090 lit.
1012 2052 1034 2067 ‘⁸
1049 2043 1264 2088 too-thiek.”
