1442 2392
644 112 651 118 ’
711 139 915 179 CICERO

207 243 380 282 moleste
418 244 522 290 tuli3
569 258 651 282 non
682 246 792 282 enim
821 244 967 283 dubito
997 247 1096 296 quin
1126 258 1303 298 magnae
1337 246 1416 285 tibi

207 297 402 336 levationi
428 299 570 337 solitus
597 301 650 337 sit
678 312 767 336 esse
793 299 1056 350 quotidianus
1093 312 1337 352 congressus
1373 305 1418 339 et

206 365 340 390 sermo
379 366 473 390 cum
510 352 813 391 familiarissimi
852 353 1040 399 hominis,
1078 358 1169 392 tum
1197 356 1343 405 optimi
1372 359 1417 393 et

205 407 512 457 prudentissimi
531 410 619 446 viri.
672 408 735 445 Tu
754 407 876 445 velim
895 413 1000 454 tete,
1019 412 1068 446 ut
1086 407 1214 447 debes
1234 414 1279 447 et
1296 408 1416 455 soles,

205 466 279 498 tua
301 464 454 499 virtute
479 467 701 500 sustentes.
756 462 860 513 Ego,
884 475 991 513 quae
1014 467 1059 501 te
1081 462 1202 508 velle,
1225 466 1415 515 quaeque

205 515 258 553 ad
277 520 320 552 te
341 521 385 553 et
403 516 457 553 ad
476 521 568 554 tuos
587 519 796 566 pertinere
816 517 1058 562 arbitrabor,
1077 519 1215 554 omnia
1232 516 1415 556 studiose

205 568 508 621 diligenterque
529 571 679 608 curabo
698 583 708 616 3
745 584 851 621 quae
872 584 965 608 cum
985 570 1148 617 faciam,
1168 570 1415 610 benevolen-

204 625 306 660 tiam
331 629 448 662 tuam
475 638 573 676 erga
598 638 665 663 me
690 626 896 671 imitabor,
922 627 1072 664 merita
1095 638 1179 664 non
1203 630 1413 679 assequar.

205 677 321 717 Vale.

787 783 826 823 V

508 898 556 926 Μ.
577 900 720 926 CICERO
740 900 770 926 S.
794 900 833 926 D.
853 900 891 926 Α.
915 879 1109 926 οΑΕοΙΝΑΕ

623 990 772 1030 Romae,
789 1002 897 1024 A.U.c.
915 993 994 1025 708.

162 1086 179 1119 1
251 1082 602 1135 Quotiescumque
635 1083 763 1122 filium
795 1090 914 1123 tuum
946 1085 1065 1123 video
1097 1084 1235 1136 (video
1267 1083 1409 1125 autem

199 1135 286 1174 fere
307 1137 523 1189 quotidie),
543 1138 735 1189 polliceor
757 1141 795 1177 ei
814 1138 996 1178 studium
1017 1139 1185 1191 quidem
1204 1153 1344 1178 meum
1365 1145 1409 1180 et

199 1204 367 1241 operam
381 1194 468 1230 sine
484 1192 566 1229 ulla
581 1195 825 1244 exceptione
842 1198 914 1231 aut
928 1193 1076 1232 laboris
1090 1199 1165 1232 aut
1178 1195 1410 1246 occupatio-

199 1247 260 1282 nis
278 1251 352 1283 aut
370 1249 581 1297 temporis,
600 1249 777 1298 gratiam
796 1253 938 1286 autem
955 1253 1083 1299 atque
1102 1251 1408 1296 auctoritatem,

198 1312 291 1336 cum
317 1299 393 1338 hac
421 1303 680 1351 exceptione,
707 1307 909 1352 quantum
935 1302 1096 1340 valeam
1122 1307 1407 1355 quantumque

198 1356 363 1403 possim,
418 1354 542 1392 Liber
570 1360 666 1393 tuus
696 1361 740 1394 et
767 1355 898 1394 lectus
928 1362 1006 1402 est,
1036 1361 1080 1395 et
1107 1355 1259 1408 legitur
1286 1370 1311 1395 a
1339 1369 1407 1396 me

198 1407 418 1459 diligenter
445 1414 489 1447 et
514 1409 744 1448 custoditur
770 1409 1095 1461 diligentissime.
1149 1409 1231 1449 Res
1258 1414 1302 1449 et
1326 1408 1419 1454 for-f

199 1467 327 1500 tunae
351 1467 450 1500 tuae
474 1463 573 1502 mihi
598 1466 802 1502 maximae
827 1478 948 1502 curae
972 1470 1082 1510 sunt,
1107 1478 1214 1516 quae
1239 1464 1407 1517 quidem

198 1516 383 1567 quotidie
394 1515 596 1556 faciliores
604 1517 703 1557 mihi
714 1524 757 1556 et
768 1518 957 1557 meliores
969 1518 1175 1565 videntur,
1183 1518 1406 1572 multisque

200 1570 318 1608 video
336 1584 512 1623 magnae
530 1585 620 1610 esse
637 1586 773 1618 curae,
791 1586 964 1623 quorum
981 1573 1033 1612 de
1050 1573 1186 1612 studio
1204 1578 1249 1612 et
1264 1573 1317 1612 de
1333 1586 1408 1612 sua

158 1629 178 1660 2
198 1637 270 1675 spe
285 1624 412 1662 filium
427 1625 481 1664 ad
495 1631 538 1664 te
552 1629 834 1678 perscripsisse
849 1632 962 1666 certo
977 1629 1073 1666 scio.
1127 1626 1182 1666 Iis
1197 1632 1339 1667 autem
1352 1626 1405 1666 de

246 1789 262 1805 ⁰
287 1784 403 1818 Aulus
415 1784 581 1825 Caecina,
594 1796 659 1819 son
672 1785 714 1819 of
722 1785 782 1820 the
795 1785 949 1820 Caecina
961 1786 1079 1820 whom
1091 1786 1215 1821 Cicero
1226 1785 1404 1831 defended

199 1829 235 1860 in
265 1830 322 1866 69,
351 1827 482 1871 fought
511 1839 558 1862 on
588 1829 650 1863 the
678 1829 755 1863 side
784 1829 825 1863 of
853 1830 941 1863 Pom
969 1841 1025 1873 ey.
1073 1830 1228 1873 Though
1258 1829 1402 1870 Caoear,

199 1871 290 1904 after
314 1871 375 1904 the
399 1872 549 1905 African
573 1874 778 1916 campaign,
804 1841 967 1915 granted)
982 1874 1057 1906 him
1082 1873 1137 1907 his
1162 1874 1234 1913 life,
1259 1873 1306 1907 he
1329 1883 1403 1908 was

200 1918 262 1948 not
288 1915 438 1948 allowed
464 1919 502 1949 to
528 1920 649 1950 return
675 1919 713 1950 to
740 1917 847 1959 Italy,
875 1917 1054 1960 probably
1079 1917 1233 1951 because
1258 1917 1304 1951 he
1328 1916 1402 1952 had

199 1957 340 1991 libelled
364 1957 495 1992 Caesar
517 1959 650 2002 during
671 1959 732 1994 the
755 1971 839 1994 war.
887 1959 1042 1994 Caecina
1063 1960 1271 1994 afterwards
1293 1963 1402 1995 wrote

200 2012 247 2033 an
258 2001 375 2044 abject
386 2005 618 2042 recantation,
631 2003 746 2036 which
759 2003 804 2037 he
814 2003 961 2038 entitled
973 2004 1028 2038 his
1041 2003 1145 2038 Liber
1155 2003 1402 2044 Querellarmn

199 2043 310 2086 (Book
325 2045 370 2087 of
378 2046 697 2089 Remonstranm),
715 2046 755 2080 of
768 2047 882 2080 which
899 2047 1031 2081 Caesar
1045 2046 1134 2082 took
1149 2057 1198 2082 no
1212 2048 1340 2082 notice.

199 2101 276 2137 448
