1442 2392
665 136 868 175 CICERO

163 242 273 278 enim
308 253 389 278 non
427 252 594 278 necesse
627 239 721 290 est),
752 240 826 278 sed
856 245 998 278 tamen
1027 239 1137 278 idem
1169 238 1263 291 (nec
1292 237 1368 278 hoc

163 292 462 345 εἰρωνευόμενος)
495 293 613 332 facile
657 294 758 332 cedo
796 300 958 332 tuorum
998 297 1239 344 scriptorum
1275 293 1383 332 sub<

115 352 137 385 2
163 347 305 386 tilitati
327 354 371 386 et
391 348 637 399 elegantiae.
691 348 912 387 Consilium
933 354 1066 394 tuum,
1085 361 1167 399 quo
1186 353 1231 386 te
1251 361 1368 386 usum

162 403 301 440 scribis
322 402 397 440 hoc
417 402 641 440 Achaicum
662 406 874 454 negotium
895 416 977 441 non
996 405 1256 448 recusavisse,
1275 415 1368 440 eum

162 469 325 507 semper
341 457 632 507 probavissem,
651 462 741 495 tum
758 457 888 495 multo
903 459 1036 508 magis
1053 457 1236 508 probavi,
1251 456 1368 495 lectis

162 513 244 549 tuis
281 513 475 561 proximis
512 511 676 550 litteris.
729 511 883 550 Omnes
921 514 1031 549 enim
1068 524 1230 557 causae,
1267 523 1368 563 quas

162 578 471 612 commemoras,
491 568 737 604 iustissimae
759 571 856 604 sunt
877 571 1032 616 tuaque
1055 570 1100 604 et
1121 568 1368 604 auctoritate

163 625 208 657 et
226 620 446 669 prudentia
464 620 740 671 dignissimae.
793 620 915 667 Quod
933 620 1054 658 aliter
1070 620 1264 658 cecidisse
1277 630 1369 658 rem

164 676 389 720 existimas,
412 680 539 725 atque
563 677 753 725 opinatus
776 677 843 720 sis,
866 674 909 712 id
931 675 1006 712 tibi
1030 674 1141 712 nullo
1163 673 1287 712 modo
1308 686 1370 712 as-

150 731 332 768 sentior.
384 727 466 766 Sed
490 731 591 779 quia·
609 734 729 767 tanta
751 729 1008 778 perturbatio
1033 734 1077 767 et
1099 727 1282 767 confusio
1306 732 1370 767 est

163 795 314 828 rerum,
338 785 398 821 ita
420 783 607 833 perculsa
631 789 675 821 et
697 788 904 833 prostrata
926 782 1160 821 foedissimo
1183 781 1292 821 bello
1313 784 1371 821 ia-

164 842 262 874 cent
289 839 438 883 omm‘a,
465 843 513 875 ut
538 840 571 875 is
597 839 745 888 cuique
770 837 896 883 locus,
922 837 992 875 ubi
1017 839 1106 888 ipse
1131 839 1199 883 sit,
1225 841 1271 876 et
1294 836 1371 875 sibi

165 893 338 941 quisque
356 894 604 930 miserrimus
623 904 712 930 esse
730 891 932 937 videatur,
948 896 1170 942 propterea
1187 897 1232 929 et
1247 892 1311 929 tui
1326 896 1371 929 te

165 945 306 983 consili
331 948 534 996 poenitet,
561 950 606 984 et
631 959 718 991 nos,
746 948 815 997 qui
842 946 952 984 domi
978 959 1131 991 sumus,
1156 946 1233 984 tibi
1258 945 1371 983 beati

169 999 354 1037 videmur
370 1012 381 1045 ;
413 1005 457 1038 at
473 1006 616 1038 contra
632 1000 761 1045 nobis,
778 1013 860 1037 non
876 1005 923 1038 tu
939 999 1108 1051 quidem
1122 1012 1273 1038 vacuus
1287 1012 1373 1038 mo-

166 1053 309 1099 lestiis,
326 1053 400 1092 sed
414 1067 514 1105 prae
531 1055 647 1093 nobis
662 1054 826 1093 beatus.
878 1054 1019 1105 Atque
1036 1053 1112 1092 hoc
1127 1056 1216 1105 ipso
1231 1053 1374 1092 melior

168 1113 232 1145 est
252 1114 339 1154 tua,
359 1122 483 1159 quam
503 1114 657 1154 nostra,
676 1109 872 1154 condicio,
892 1108 1003 1159 quod
1021 1113 1083 1154 tu,
1103 1108 1202 1159 quid
1221 1107 1374 1151 doleat.

166 1163 343 1200 scribere
364 1163 504 1209 audes,
519 1176 593 1201 nos
609 1175 661 1201 ne
676 1163 719 1200 id
734 1162 901 1214 quidem
915 1168 1009 1201 tuto
1027 1176 1241 1213 possumus
1258 1174 1270 1208 ς
1298 1174 1376 1200 nec

167 1216 209 1254 id
227 1219 387 1255 victoris
403 1219 516 1262 vitio,
532 1230 613 1268 quo
628 1217 728 1254 nihil
742 1217 1008 1263 moderatius,
1023 1217 1096 1255 sed
1110 1220 1236 1267 ipsius
1250 1219 1375 1255 victo-

121 1275 142 1308 3
169 1273 268 1316 riae,
293 1284 398 1322 quae
422 1271 604 1310 civilibus
626 1271 743 1310 bellis
766 1284 929 1322 semper
952 1277 1016 1309 est
1036 1271 1228 1310 insolens.
1281 1269 1376 1309 Uno

169 1330 212 1363 te
247 1327 427 1371 vicimus,
461 1326 571 1376 quod
602 1326 654 1364 de
690 1325 889 1372 Marcelli,
921 1325 1103 1378 collegae
1134 1328 1212 1372 tui,
1243 1325 1375 1363 salute

219 1473 236 1490 ⁰
259 1468 311 1502 Or
328 1469 349 1483 ‘⁴
365 1470 487 1512 purity
503 1469 576 1503 and
592 1470 775 1512 propriety
787 1468 808 1483 ’'
827 1469 1018 1512 (Watson).

222 1513 235 1533 ⁶
264 1513 317 1546 M.
345 1513 549 1551 Marcellus,
570 1513 694 1546 consul
717 1513 801 1546 with
828 1512 1008 1555 Sulpicius
1035 1513 1071 1545 in
1095 1515 1135 1546 51
1167 1523 1246 1552 ις..
1274 1511 1376 1546 when

180 1555 224 1590 he
253 1556 396 1589 showed
428 1556 574 1590 himself
601 1567 623 1589 a
651 1557 757 1590 bit-ter
783 1567 914 1599 enemy
939 1559 977 1589 to
1008 1555 1150 1589 Caesar.
1202 1555 1259 1589 He
1288 1565 1376 1589 even

178 1599 310 1633 caused
325 1611 348 1633 a
362 1601 489 1633 citizen
506 1599 715 1643 (according
730 1603 767 1633 to
788 1610 887 1634 some
901 1599 1122 1639 authorities,
1138 1610 1162 1632 a.
1181 1602 1324 1633 senator
1337 1610 1378 1633 οι·

179 1644 462 1687 ‹ex-magistrate)
485 1644 525 1676 of
544 1643 699 1677 Comum
714 1646 751 1676 to
770 1643 815 1677 be
830 1643 1005 1686 scourged
1020 1646 1058 1676 at
1075 1643 1190 1676 Rome
1208 1643 1265 1676 for
1278 1653 1378 1677 some

177 1687 295 1720 trivial
311 1687 457 1726 offenoe,
471 1690 509 1720 to
524 1698 633 1730 prove
648 1687 727 1720 that
739 1687 783 1720 he
798 1686 1009 1730 repudiated
1025 1687 1086 1720 the
1099 1686 1250 1729 validity
1265 1685 1306 1720 of
1317 1685 1378 1720 the

180 1731 307 1764 civitas
326 1730 510 1764 conferred
533 1741 630 1774 upon
653 1730 732 1764 that
751 1730 891 1773 colony,
908 1730 1022 1763 under
1041 1730 1102 1763 the
1122 1730 1196 1763 Lex
1217 1730 1377 1768 Vatinia.

180 1774 230 1816 by
246 1774 388 1808 Caesar.
439 1774 550 1817 Early
573 1776 609 1807 in
633 1776 676 1807 49
700 1774 744 1807 he
767 1773 892 1817 urged,
914 1774 981 1807 but
1003 1773 1296 1816 unsuceessfully‚
1315 1773 1377 1807 the

178 1819 353 1870 necessity
369 1817 410 1851 of
423 1817 568 1860 levying
584 1818 808 1860 Republican
828 1820 948 1860 troops
963 1817 1086 1850 before
1101 1817 1232 1860 openly
1248 1815 1378 1850 break-

176 1872 240 1937 ¹t¹1¹‚{
260 1860 711 1944 &hci'vejssf'anffeaff'ti‘ss
731 1859 1381 1948 fissffirsffi‘i'ssnsse‘t’ssesshetgufflffssssnssf

179 1948 294 1981 where
318 1948 362 1981 he
384 1948 535 1981 devoted
560 1948 705 1981 himself
724 1951 761 1981 to
784 1948 936 1981 rhetoric
958 1947 1031 1981 and
1054 1947 1283 1991 philosophy.
1334 1946 1379 1982 In

180 1994 235 2030 46,
267 1992 322 2025 his
357 1994 481 2025 cousin
513 1992 553 2025 C.
589 1991 793 2032 Marcellus,
823 1994 858 2025 in
888 2002 911 2025 a
941 1991 1006 2024 full
1037 1994 1170 2030 senate,
1202 1993 1251 2024 im
1279 1989 1377 2024 lox-ed

182 2035 313 2069 Caesar
332 2038 370 2069 to
390 2035 529 2078 pardon
552 2035 605 2069 his
628 2035 809 2074 kinsman,
827 2035 911 2068 with
933 2035 994 2068 the
1015 2034 1123 2068 result
1138 2034 1253 2069 deseri
1279 2033 1324 2068 ed
1340 2034 1378 2068 in

180 2087 258 2127 262
