1442 2392
123 1002 169 1035 24

689 141 892 180 CICERO

188 245 348 296 pridem
376 245 429 283 ad
455 251 500 284 te
526 248 742 292 misissem,
769 248 802 284 si
830 259 920 284 esse
948 246 1130 284 edendos
1155 252 1395 298 putassem;

189 313 287 345 sunt
319 310 429 346 enim
461 313 607 354 testes,
640 314 684 346 et
717 314 853 354 erunt,
885 311 1126 359 sempiterni
1156 312 1396 348 meritorum

191 383 290 422 erga
323 383 390 408 me
424 375 590 408 tuorum
623 383 826 422 meaeque
859 373 1056 421 pietatis;
1104 371 1179 410 sed
1212 371 1398 423 verebar,

190 446 273 470 non
299 445 383 479 eos,
409 435 479 484 qui
504 446 548 471 se
574 433 705 471 laesos
731 434 1030 472 arbitrarentur
1054 434 1227 486 (etenim
1251 434 1295 473 id
1318 433 1398 472 feci

190 508 312 546 parce
335 501 379 533 et
400 495 609 547 molliter),
630 495 704 534 sed
725 508 809 542 eos,
831 509 932 548 quos
954 502 1045 535 erat
1064 497 1271 536 infinitum
1291 497 1398 535 bene

192 558 245 596 de
268 571 335 596 me
357 561 526 596 meritos
549 572 691 597 omnes
714 562 939 597 nominare.
992 559 1105 607 Quos
1127 565 1270 598 tamen
1290 562 1399 611 ipsos

192 620 329 667 libros,
369 624 403 659 si
443 634 582 673 quem,
623 624 687 659 cui
727 628 841 660 recte
882 625 1152 669 committam,
1191 625 1401 668 invenero,

193 684 343 722 curabo
383 684 436 722 ad
475 689 519 722 te
558 683 838 735 perferendos.
892 685 1033 737 Atque
1072 688 1194 724 istam
1233 685 1401 737 quidem

192 753 355 798 partem
380 749 490 785 vitae
516 747 905 799 consuetudinisque
930 753 1095 787 nostrae
1120 754 1254 787 totam
1279 746 1334 787 ad
1356 753 1401 787 te

194 808 350 848 defero.
404 809 616 857 Quantum
645 810 807 856 litteris,
837 816 1039 862 quantum
1067 811 1226 857 studiis,
1255 813 1404 850 veteri-

194 872 270 910 bus
301 875 449 910 nostris
479 872 837 919 delectationibus,
867 876 1062 925 consequi
1090 877 1331 925 poterimus,
1360 873 1403 912 id

195 948 316 973 omne
345 935 398 973 ad
425 936 638 973 arbitrium
665 941 799 982 tuum,
827 939 896 987 qui
924 936 1026 975 haec
1052 950 1215 988 semper
1242 939 1404 983 amasti,

194 997 463 1036 libentissime
486 997 756 1037 conferemus.
810 998 928 1047 Quae
948 999 1002 1038 ad
1023 1012 1090 1038 me
1110 999 1162 1038 de
1181 1002 1263 1038 tuis
1281 1000 1404 1038 rebus

195 1060 429 1100 domesticis
470 1062 624 1107 scribis,
665 1075 855 1113 quaeque
897 1062 996 1100 mihi
1037 1062 1314 1108 commendas,
1354 1075 1404 1101 ea

195 1129 340 1162 tantae
376 1123 476 1162 mihi
513 1137 635 1162 curae
672 1130 782 1170 sunt,
819 1130 866 1163 ut
912 1138 979 1163 me
1016 1125 1141 1164 nolim
1178 1125 1402 1171 admoneri,

194 1189 329 1238 rogari
347 1199 443 1225 vero
461 1189 548 1225 sine
566 1200 717 1238 magno
736 1187 874 1225 dolore
894 1190 960 1225 vix
978 1201 1158 1238 possum.
1211 1187 1334 1236 Quod
1350 1187 1403 1226 de

196 1248 339 1297 Quinti
360 1248 496 1288 fratris
517 1253 684 1301 negotio
704 1251 858 1296 scribis,
879 1256 922 1288 te
943 1253 1076 1301 priore
1097 1256 1273 1296 aestate,
1293 1250 1404 1302 quod

194 1313 337 1351 morbo
355 1313 578 1363 impeditus
598 1315 640 1350 in
660 1312 842 1351 Ciliciam
861 1326 943 1351 non
963 1316 1185 1360 transieris,
1204 1313 1403 1352 conficere

195 1388 277 1412 non
298 1378 495 1426 potuisse,
517 1389 625 1414 nunc
654 1381 794 1414 autem
823 1379 960 1414 omnia
986 1375 1206 1422 facturum,
1235 1382 1282 1415 ut
1309 1390 1404 1415 con·-

195 1437 319 1484 ficias,
346 1438 389 1476 id
415 1441 518 1476 scito
556 1451 645 1476 esse
683 1439 896 1484 eiusmodi,
925 1445 972 1477 ut
1007 1438 1137 1478 frater
1162 1451 1280 1478 meus
1306 1452 1402 1478 vere

194 1503 419 1547 existimet,
458 1501 651 1539 adiuncto
688 1503 768 1539 isto
805 1500 948 1547 fundo,
984 1504 1277 1552 patrimonium
1314 1501 1401 1540 fore

194 1577 313 1601 suum
347 1577 423 1614 per
457 1569 501 1602 te
537 1566 822 1602 constitutum.
875 1564 937 1602 Tu
971 1577 1039 1603 me
1075 1564 1127 1603 de
1162 1567 1245 1603 tuis
1274 1557 1401 1604 'rebus

194 1627 382 1664 omnibus
425 1632 468 1664 et
510 1626 562 1664 de
606 1626 772 1665 Lentuli
814 1629 875 1664 tui
918 1629 1128 1678 nostrique
1169 1627 1315 1666 studiis
1357 1633 1402 1667 et

194 1690 557 1727 exercitationibus
575 1689 696 1727 velim
714 1703 838 1740 quam
856 1688 1167 1728 familiarissime
1184 1693 1400 1729 certiorem

194 1757 239 1790 et
271 1765 395 1803 quam
427 1755 663 1803 saepissime
696 1751 835 1798 facias,
868 1755 1161 1804 existimesque
1193 1755 1401 1793 neminem

192 1817 383 1866 cuiquam
397 1828 532 1866 neque
547 1818 743 1853 cariorem
759 1828 894 1866 neque
910 1815 1188 1853 iucundiorem
1205 1829 1399 1867 umquam

243 1961 258 1976 ¹¹
283 1957 439 1998 Quintus
464 1957 597 1991 wished
623 1961 660 1991 to
691 1958 766 2000 buy
792 1968 891 1991 some
916 1957 1001 1991 land
1029 1957 1215 2001 adjoining
1239 1958 1293 1992 his
1318 1970 1398 1993 own

195 2003 305 2033 estate
333 2013 418 2034 near
446 2001 625 2043 Arpinum
656 2001 750 2034 from
777 2012 799 2034 a
827 2012 912 2034 man
941 2003 977 2035 in
1005 2001 1140 2042 Cilicia,
1167 2001 1252 2035 with
1280 2002 1396 2036 whom

197 2044 369 2078 Lentulus
385 2045 491 2078 could
510 2046 701 2087 negotiate.

198 2101 249 2135 84
