1442 2392
697 136 901 176 CICERO

186 246 400 291 petuntur,
435 240 570 280 aditus
606 240 658 279 ad
695 254 790 279 eum
829 242 1071 282 difficiliores
1109 241 1304 290 fuerunt3
1356 249 1402 284 et

185 311 319 356 simul,
343 311 562 350 Africanae
585 326 733 351 causae
757 315 911 359 iratior,
935 313 1089 352 diutius
1112 314 1216 353 velle
1240 314 1402 354 videtur

186 395 255 420 eos
274 382 427 421 habere
445 383 651 429 sollicitos,
670 397 694 421 a
712 385 859 435 quibus
877 398 921 423 se
939 390 1062 436 putat
1079 384 1402 426 diuturnioribus

187 466 275 492 esse
294 454 491 492 molestiis
510 454 803 492 conflictatum.
851 454 933 493 Sed
950 454 1026 494 hoc
1045 458 1179 506 ipsum
1197 456 1403 509 intellegi·

186 539 275 563 mus
294 539 389 563 eum
406 525 590 576 quotidie
608 528 813 564 remissius
830 532 874 564 et
890 525 1092 577 placatius
1107 525 1229 566 ferre.
1263 527 1402 576 Quare

186 595 285 634 mihi
303 596 424 634 crede
443 602 488 634 et
504 600 727 635 memoriae
745 596 910 642 manda,
928 611 995 635 me
1013 598 1090 635 tibi
1106 597 1149 636 id
1166 597 1402 646 affirmasse,

145 672 167 704 4
186 673 230 705 te
257 669 299 704 in
325 669 413 705 istis
440 667 638 706 molestiis
666 667 820 706 diutius
847 681 929 706 non
956 666 1155 707 futurum.
1211 664 1402 717 Quando,

187 737 286 788 quid
298 740 510 783 sentirem,
524 741 709 788 exposui,
723 738 822 789 quid
835 738 958 776 velim
970 744 1045 777 tua
1056 752 1194 784 causa,
1207 753 1252 778 re
1265 741 1402 790 potius

190 821 314 859 quam
346 811 544 854 oratione,
576 808 806 846 declarabo.
860 809 930 854 Et,
961 812 995 847 si
1025 815 1192 847 tantum
1221 819 1395 861 possem,

191 884 393 930 quantum
413 881 455 916 in
475 892 524 916 ea
542 878 765 929 republica,
786 879 838 917 de
859 893 941 930 qua
959 882 1019 918 ita
1038 893 1128 918 sum
1147 883 1333 928 meritus,
1351 887 1399 922 ut

191 955 239 987 tu
264 952 489 995 existimas,
513 962 634 1000 posse
659 949 878 996 debebam,
903 963 956 988 ne
981 955 1028 988 tu
1053 951 1221 1002 quidem
1245 954 1287 990 in
1310 954 1399 992 istis

191 1021 455 1059 incommodis
490 1034 600 1059 esses
618 1034 628 1067 3
678 1021 825 1059 eadem
858 1024 967 1060 enim
1000 1035 1122 1060 causa
1155 1036 1254 1075 opes
1286 1036 1399 1063 meas

190 1091 329 1144 fregit,
345 1106 452 1143 quae
468 1098 584 1130 tuam
598 1092 775 1130 salutem
789 1095 831 1130 in
846 1092 1063 1131 discrimen
1078 1093 1265 1133 adduxit.
1317 1093 1400 1134 Sed

190 1169 346 1209 tamen,
364 1163 564 1214 quidquid
579 1166 716 1215 imago
734 1167 884 1202 veteris
902 1177 1021 1203 meae
1037 1164 1266 1216 dignitatis,
1283 1165 1400 1217 quid-

191 1235 290 1286 quid
313 1235 510 1285 reliquiae
535 1238 694 1286 gratiae
719 1235 930 1281 valebunt,
954 1235 1150 1282 studium,
1174 1236 1399 1284 consilium,

190 1319 329 1356 opera,
347 1308 495 1357 gratia,
515 1306 616 1344 fides
635 1319 729 1343 mea
747 1306 857 1344 nullo
875 1306 963 1344 loco
982 1306 1116 1345 deerit
1134 1309 1216 1345 tuis
1234 1303 1399 1359 optimis

151 1384 171 1414 5
189 1376 398 1415 fratribus.
452 1377 515 1414 Tu
552 1376 618 1415 fae
657 1376 811 1415 habeas
849 1376 1001 1416 fortem
1040 1380 1236 1424 animum,
1275 1369 1399 1430 quem

191 1461 353 1499 semper
371 1447 565 1494 habuisti,
593 1451 771 1499 primum
790 1448 843 1486 ob
865 1461 934 1486 eas
953 1461 1110 1495 causas,
1124 1461 1226 1500 quas
1245 1452 1396 1502 scripsi,

191 1519 355 1566 deinde,
380 1519 491 1571 quod
515 1532 565 1558 ea
588 1519 641 1558 de
665 1519 875 1571 republica
899 1532 1062 1571 semper
1085 1520 1248 1559 voluisti
1271 1516 1399 1574 atque

191 1594 367 1637 sensisti,
395 1597 443 1629 ut
470 1605 552 1629 non
579 1591 701 1630 modo
729 1591 910 1630 secunda
937 1605 1102 1643 sperare
1130 1592 1298 1639 debeas,
1324 1593 1399 1633 sed

193 1666 333 1708 etiam,
353 1665 386 1701 si
405 1665 542 1701 omnia
562 1662 733 1701 adversa
753 1668 906 1708 essent,
925 1668 1068 1701 tamen
1087 1666 1336 1702 conscientia
1355 1670 1400 1704 et

191 1733 395 1771 factorum
412 1739 456 1771 et
472 1733 730 1771 consiliorum
746 1739 925 1779 tuorum,
943 1746 1227 1785 quaecumque
1244 1733 1400 1774 accide-

192 1811 300 1850 rent,
319 1804 541 1842 fortissimo
563 1810 606 1842 et
625 1807 805 1842 maximo
823 1807 959 1843 animo
978 1803 1088 1843 ferre
1107 1804 1295 1844 deberes.

238 1932 254 1947 ⁰
277 1927 333 1959 He
350 1926 459 1959 refers
474 1929 514 1959 to
529 1925 849 1959 those—Metellus
867 1926 1001 1968 Scipio,
1019 1926 1122 1965 Cato,
1140 1925 1309 1964 Petreius,
1326 1925 1399 1960 and

201 1970 450 2003 others—who
466 1969 660 2002 continued
685 1972 723 2002 to
738 1973 925 2013 prosecute
949 1970 1009 2003 the
1026 1980 1099 2003 war
1115 1971 1151 2002 in
1168 1968 1294 2002 Africa
1310 1969 1400 2006 after

201 2013 262 2046 the
280 2013 391 2046 battle
408 2012 449 2046 of
464 2012 659 2046 Pharsalia.

200 2064 280 2110 496
