1442 2392
638 111 843 152 CICERO

136 220 274 259 Hicine
287 225 342 259 est
354 219 431 265 ille,
446 218 512 272 qui
529 218 666 257 Urbem
686 248 693 256 .
718 248 726 257 .
750 218 793 256 ..9
816 231 923 270 quem
935 223 1087 256 senatus
1103 248 1112 257 .
1136 247 1145 257 .
1169 247 1177 258 .
1192 217 1214 257 Ρ
1236 219 1343 256 nosti

137 284 291 317 cetera.
345 277 448 315 Cum
467 279 670 314 venissem
696 275 749 313 ad
774 275 996 321 Amanum,
1022 278 1091 327 qui
1110 289 1227 314 mons
1245 274 1344 314 mihi

138 350 231 375 cum
250 334 395 373 Bibulo
415 335 639 371 eommunis
660 337 738 378 est,
757 332 908 370 divisus
927 346 1126 384 aquarum
1148 332 1345 378 divortiis,

139 393 300 431 Cassius
334 396 489 436 noster,
524 389 635 441 quod
669 388 769 427 mihi
802 402 979 441 magnae
1014 389 1217 440 voluptati
1251 388 1345 436 fuit,

137 450 313 489 feliciter
354 449 406 486 ab
446 446 667 485 Antiochia
704 446 866 485 hostem
901 449 1126 485 reiecerat:
1177 446 1346 486 Bibulus

138 509 387 560 provinciam
435 510 665 555 acceperat.
719 504 887 543 Interea
932 518 1026 543 cum
1072 507 1174 543 meis
1221 507 1346 557 copiis

138 565 326 603 omnibus
367 564 513 600 vexavi
553 562 839 607 Amanienses,
879 561 1019 600 hostes
1060 565 1344 614 sempiternos.

140 622 267 661 Multi
282 622 415 665 occisi,
431 622 541 671 capti
559 633 569 666 ;
599 619 746 671 reliqui
761 619 946 670 dissipati
964 632 974 665 ;
1004 619 1174 659 castella
1187 616 1348 661 munita

138 681 356 731 improviso
391 677 573 715 adventu
608 683 731 728 capta
766 682 810 715 et
843 680 1023 715 incensa.
1078 676 1145 716 Ita
1179 679 1348 716 victoria

138 741 248 776 iusta
269 739 493 787 imperator
516 734 746 785 appellatus
770 734 880 785 apud
904 733 1036 772 Issum
1060 733 1158 786 (quo
1181 737 1224 773 in
1244 734 1347 782 loco,

139 808 264 846 saepe
279 799 327 832 ut
342 806 393 831 ex
408 798 452 847 te
468 792 618 838 audivi,
633 791 860 830 Clitarchus
875 792 951 830 tibi
966 794 1160 839 narravit,
1175 792 1348 833 Darium

141 855 193 892 ab
228 850 465 891 Alexandro
501 863 590 888 esse
625 849 897 901 superatum),
933 849 1086 888 adduxi
1121 846 1348 890 exercitum

140 911 194 949 ad
223 908 530 948 infestissimam
562 906 725 945 Ciliciae
756 912 933 958 partem.
987 907 1051 946 Ibi
1082 911 1272 959 quintum
1304 914 1348 948 et

140 970 377 1007 vicesimum
402 968 484 1003 iam
510 965 620 1003 diem
647 965 879 1016 aggeribus,
906 967 1047 1012 vineis,
1072 965 1252 1004 turribus
1278 979 1349 1017 op-

140 1025 378 1077 pugnabam
426 1022 622 1073 oppidum
669 1024 1002 1068 munitissimum,
1050 1021 1349 1070 Pindenissum,

140 1085 268 1122 tantis
290 1081 434 1132 opibus
455 1085 658 1131 tantoque
680 1081 862 1130 negotio,
884 1084 932 1117 ut
952 1078 1052 1116 mihi
1073 1079 1127 1118 ad
1147 1092 1349 1124 summam

140 1141 312 1193 gloriam
338 1138 437 1176 nihil
462 1138 584 1182 desit,
609 1139 686 1174 nisi
710 1150 862 1174 nomen
886 1136 1053 1187 oppidi;
1094 1137 1205 1188 quod
1229 1139 1277 1183 si,
1303 1144 1350 1178 ut

141 1211 274 1249 spero,
312 1209 474 1247 cepero,
512 1201 602 1233 tum
640 1208 736 1233 vero
773 1194 933 1233 litteras
969 1194 1132 1245 publice
1169 1198 1348 1235 mittam.

141 1257 257 1294 Haec
295 1255 349 1293 ad
385 1260 429 1293 te
466 1256 509 1291 in
545 1255 754 1304 praesenti
791 1254 946 1303 scripsi,
983 1258 1031 1291 ut
1067 1265 1267 1303 sperares,
1305 1254 1349 1292 te

142 1315 303 1363 assequi
346 1310 403 1356 id,
447 1310 558 1362 quod
601 1315 800 1360 optasses.
853 1308 949 1355 Sed,
993 1315 1041 1348 ut
1083 1308 1251 1348 redeam
1296 1309 1349 1350 ad

141 1370 328 1415 Parthos,
373 1368 476 1406 haec
521 1373 656 1406 aestas
702 1366 847 1405 habuit
892 1366 1000 1404 hunc
1045 1370 1204 1407 exitum
1249 1370 1349 1407 satis

138 1427 330 1472 felicem;
377 1439 440 1471 ea,
471 1438 578 1477 quae
608 1427 808 1476 sequitur,
838 1437 989 1476 magno
1020 1429 1085 1463 est
1114 1427 1157 1463 in
1186 1424 1349 1466 timore.

141 1485 295 1533 Quare,
314 1485 370 1521 mi
394 1481 514 1528 Rufe,
535 1482 670 1534 vigila,
689 1484 880 1532 primum,
900 1487 948 1520 ut
970 1481 1069 1519 mihi
1093 1481 1348 1530 succedatur,

188 1620 204 1636 ⁰
226 1615 295 1654 i.e.,
318 1613 403 1646 with
426 1613 487 1646 the
535 1623 601 1655 aps
624 1611 719 1645 filled
744 1622 804 1654 up,
831 1611 915 1653 “by
940 1611 1058 1644 whom
1085 1611 1146 1645 the
1169 1610 1253 1654 city
1277 1623 1349 1650 was

142 1658 275 1692 saved?
299 1657 417 1690 whom
432 1657 493 1689 the
533 1659 637 1689 enate
652 1654 765 1689 called
784 1659 793 1673 ⁸
806 1654 937 1688 Father
949 1654 991 1688 of
1003 1655 1058 1688 his
1073 1658 1228 1698 country
1240 1655 1248 1669 ’
1258 1657 1275 1688 ἲ
1286 1655 1309 1669 ”

192 1703 205 1723 ⁶
229 1700 410 1734 Diodorus
425 1710 508 1741 says
531 1699 611 1732 that
627 1701 716 1732 6000
733 1699 773 1732 of
792 1698 853 1731 the
868 1709 998 1740 enemy
1015 1701 1111 1732 must
1130 1698 1221 1732 have
1239 1698 1349 1732 fallen

142 1746 264 1780 before
290 1756 313 1778 a
342 1745 487 1788 general
513 1743 617 1777 could
648 1744 693 1776 be
724 1743 836 1776 called
868 1743 1064 1785 imperator
1094 1743 1167 1777 and
1193 1742 1299 1776 claim
1325 1753 1348 1778 ι

143 1788 315 1832 triumph,
343 1790 489 1832 Appian
517 1798 599 1830 says
630 1790 760 1825 10‚000.
819 1787 959 1829 During
985 1786 1045 1820 the
1072 1786 1160 1820 later
1189 1786 1348 1830 republic

143 1834 203 1868 the
226 1831 302 1866 title
325 1843 398 1867 was
418 1831 602 1866 conferred
622 1831 671 1873 by
692 1830 752 1864 the
777 1830 923 1864 soldiers
942 1830 999 1864 for
1017 1829 1077 1864 the
1098 1833 1192 1863 most
1210 1829 1348 1873 trifling

142 1887 328 1910 successes.
379 1874 555 1919 (Tyrrell.)

192 1924 204 1940 ⁶
225 1920 318 1953 Who
345 1918 600 1962 accompanied
630 1917 834 1951 Alexander
859 1928 906 1950 on
933 1916 988 1950 his
1014 1917 1248 1960 expeditione.
1273 1916 1344 1951 and

139 1967 249 1998 wrote
265 1963 320 1996 his
335 1963 406 1997 life.

187 2007 202 2026 ‘¹
227 2009 297 2046 Le..
314 2007 394 2041 that
411 2006 427 2040 I
444 2005 573 2040 should
591 2005 681 2039 have
697 2016 719 2038 a
735 2003 916 2047 triumpha
939 2004 986 2048 cf.
1003 2007 1020 2043 ἕ
1035 2006 1057 2038 2
1072 2003 1199 2038 above.

146 2065 223 2098 124-
