1442 2392
673 148 876 187 CICERO

172 256 306 302 dasse,
336 268 443 307 quae
473 255 588 293 illum
618 268 781 293 mecum
811 253 922 305 loqui
954 253 1092 292 velles.
1145 251 1253 291 Eum
1283 263 1382 290 sane

172 313 480 365 exspectabam,
496 318 544 351 ut
560 325 623 357 ea,
640 324 746 363 quae
767 325 792 349 a
806 317 850 349 te
867 309 1046 356 afferret,
1062 323 1187 362 quam
1205 312 1383 361 primum

171 383 475 422 cognoscerem.
533 368 679 407 Meum
710 367 893 406 studium
926 380 1025 419 erga
1056 373 1101 405 te
1134 372 1179 405 et
1209 367 1384 405 officium

172 430 341 468 tametsi
367 426 507 464 multis
533 429 616 464 iam
642 426 765 464 rebus
791 438 911 476 spero
938 425 1014 463 tibi
1041 437 1131 463 esse
1158 427 1384 476 cognitum,

173 493 317 525 tamen
348 487 392 522 in
423 486 471 522 iis
504 486 684 521 maxime
718 482 949 528 declarabo,
983 482 1131 533 quibus
1163 481 1384 533 plurimum

173 542 402 594 significare
444 546 604 591 potero,
646 545 763 578 tuam
805 539 905 577 mihi
948 541 1297 578 existimationem
1339 545 1385 578 et

174 601 423 652 dignitatem
463 600 712 636 carissimam
752 609 856 634 esse.
911 595 1018 634 Mihi
1058 601 1102 634 et-
1142 595 1194 643 Q.
1235 595 1386 635 Fabius

173 655 431 708 Vergilianus
459 660 504 692 et
531 654 576 692 C.
605 654 786 699 Flaccus,
814 652 915 691 Luci
942 652 1061 699 filius,
1088 659 1133 691 et
1159 652 1386 705 diligentis-

173 717 276 753 sime
296 713 358 750 M.
377 711 587 757 Octavius,
607 710 734 748 Cnaei
754 710 872 756 filius,
891 711 1190 749 demonstravit
1214 723 1281 749 me
1300 723 1325 749 a
1341 715 1386 749 te

175 771 338 823 plurimi
366 769 481 814 fieri;
524 768 634 819 quod
662 773 830 819 egomet
856 767 996 805 multis
1024 770 1277 818 argumentis
1303 769 1386 806 iam

176 834 301 866 antea
311 826 549 871 iudicaram,
561 828 824 876 maximeque
835 824 904 862 illo
918 823 1034 862 Libro
1046 823 1249 876 Augurali,
1262 838 1386 876 quem

176 886 228 925 ad
259 898 327 923 me
359 885 638 922 amantissime
670 885 882 933 scriptum,
912 883 1196 920 suavissimum
1226 885 1386 921 misisti.

178 943 279 981 Mea
300 945 343 980 in
367 947 411 980 te
431 943 568 979 omnia
586 939 790 978 summae1
814 939 1126 978 necessitudinis
1145 939 1275 978 officia
1294 953 1387 979 con-

175 1001 361 1039 stabunt.
415 998 521 1036 Nam
552 1011 645 1036 cum
674 1003 719 1036 te
747 1000 897 1048 ipsum,
928 1010 980 1035 ex
1010 1010 1092 1048 quo
1121 1003 1310 1048 tempore
1339 1003 1388 1036 tu

175 1071 243 1096 me
276 1057 446 1108 diligere
479 1058 666 1107 coepisti,
699 1055 883 1106 quotidie
915 1054 1041 1105 pluris
1073 1053 1167 1101 feci,
1199 1061 1290 1094 tum
1323 1069 1388 1094 ac-

176 1120 389 1154 cesserunt
404 1116 531 1152 etiam
550 1114 857 1151 coniunctiones
872 1114 1193 1150 necessariorum
1208 1117 1387 1150 tuorum.

177 1172 273 1210 Duo
297 1175 407 1210 enim
431 1171 604 1208 duarum
629 1175 816 1208 aetatum
839 1169 1003 1220 plurimi
1026 1167 1145 1215 facio,
1169 1169 1245 1208 Cn.
1269 1169 1388 1208 Pom-

177 1233 330 1282 peium,
353 1229 460 1267 filiae
482 1234 581 1267 tuae
603 1240 804 1273 socerum,
826 1233 871 1265 et
893 1227 956 1265 M.
977 1227 1166 1273 Brutum,
1187 1241 1388 1279 generum
1434 1247 1435 1250 ¹

177 1294 296 1326 tuum
313 1299 324 1332 3
355 1286 583 1337 collegique
601 1287 847 1330 coniunctio,
863 1287 1107 1335 praesertim
1123 1290 1212 1323 tam
1228 1284 1389 1324 honori-

178 1344 253 1382 fice
287 1358 312 1381 a
344 1349 388 1382 te
422 1343 665 1394 approbata,
697 1356 781 1381 non
812 1342 1018 1381 mediocre
1050 1343 1256 1381 vinculum
1289 1343 1388 1382 mihi

178 1401 346 1453 quidem
396 1400 583 1438 attulisse
633 1400 796 1438 videtur
845 1400 898 1438 ad
946 1400 1180 1438 voluntates
1229 1406 1389 1440 nostras

178 1457 441 1510 copulandas.
494 1457 577 1496 Sed
603 1463 648 1496 et
674 1461 707 1496 si
733 1457 920 1496 Clodium
943 1471 1186 1503 convenero,
1206 1471 1258 1496 ex
1282 1458 1388 1497 illius

179 1528 367 1554 sermone
394 1515 447 1553 ad
468 1521 511 1553 te
536 1515 709 1553 scribam
735 1515 866 1565 plura,
889 1520 933 1553 et
957 1517 1045 1566 ipse
1072 1528 1240 1566 operam
1266 1515 1388 1561 dabO,

179 1579 223 1612 te
265 1578 313 1611 ut
355 1585 478 1623 quam
520 1574 697 1622 primum
739 1572 914 1610 videam.
969 1571 1091 1619 Quod
1131 1572 1271 1610 scribis
1312 1571 1388 1611 tibi

599 1659 613 1680 ¹
636 1659 695 1693 R:
721 1669 864 1693 summa
879 1659 958 1693 rell.

232 1801 248 1817 ⁰
272 1796 338 1829 Cn.
374 1796 565 1837 Pompeius
602 1795 761 1837 Magnus
795 1794 868 1828 had
901 1797 971 1828 two
1004 1805 1100 1834 sons,
1135 1794 1281 1828 Gnaeus
1314 1795 1387 1829 and

186 1840 314 1874 Sextus
329 1853 338 1878 ;
368 1839 429 1872 the
443 1838 576 1872 former
593 1837 746 1871 married
762 1849 783 1871 a
800 1837 977 1881 daughter
993 1837 1034 1872 of
1046 1838 1187 1881 Appius
1203 1837 1388 1879 Claudius,

186 1885 246 1917 the
263 1884 367 1916 latter
383 1894 405 1915 a
421 1882 600 1924 daughter
617 1881 657 1915 of
671 1881 773 1914 Libo.

235 1926 248 1946 ²²
273 1925 436 1964 Claudia,
449 1925 627 1967 daughter
644 1924 684 1958 of
697 1925 838 1967 Appius
856 1923 1040 1963 Claudius,
1057 1935 1129 1957 was
1146 1924 1207 1957 the
1218 1923 1295 1957 first
1306 1924 1387 1958 wife

187 1969 226 2004 of
246 1970 299 2003 M.
324 1969 467 2007 Brutus,
485 1969 565 2001 who
589 1967 797 2001 afterwards
818 1967 972 2001 married
994 1967 1131 2007 Porcia,
1151 1966 1330 2011 daughter
1349 1966 1390 2002 of

186 2013 277 2047 Cato
295 2013 472 2046 Uticensis
489 2011 560 2044 and
578 2011 705 2044 widow
721 2011 760 2044 of
775 2011 937 2045 Bibulus.

234 2061 247 2077 ⁶
271 2056 347 2089 The
364 2056 508 2098 College
524 2054 564 2088 of
578 2055 735 2098 Augurs.

193 2112 266 2148 174
