1442 2392
692 131 895 171 CICERO

190 237 303 274 cuius
318 236 601 275 incolumitate
615 251 698 275 non
711 237 802 288 plus
817 238 1019 284 dubitem,
1034 251 1159 290 quam
1171 244 1217 278 te
1229 241 1398 279 memini

192 300 382 339 dubitare
412 301 464 340 de
493 315 600 340 mea.
655 302 762 340 Nam
791 316 885 341 cum
911 316 980 342 me
1010 316 1062 342 ex
1090 304 1299 355 republica
1326 316 1398 344 ex-

190 365 391 416 pulissent
415 369 457 412 ii,
483 370 553 418 qui
577 367 689 405 illam
713 367 861 406 cadere
885 363 1020 419 posse,
1046 374 1185 408 stante
1209 382 1291 416 me,
1314 382 1398 408 non

190 437 404 482 putarunt,
433 435 602 470 memini
630 446 697 471 me
727 446 779 471 ex
807 433 947 472 multis
975 433 1219 486 hospitibus,
1247 432 1399 487 qui-ad

191 509 258 534 me
283 510 333 534 ex
357 497 470 542 Asia,
493 500 535 535 in
559 511 641 549 qua
662 503 710 536 tu
734 512 838 545 eras,
866 505 1082 546 venerant,
1105 499 1247 539 audire
1275 499 1397 540 tede

152 565 173 598 3
191 561 364 612 glorioso
386 568 430 600 et
450 562 573 600 celeri
591 563 729 601 reditu
748 577 842 602 meo
862 564 1115 604 confirmare.
1169 564 1211 603 Si
1230 570 1275 604 te
1292 567 1397 604 ratio

191 627 395 677 quaedam
414 628 613 666 Etruscae
630 629 883 680 disciplinae,
901 643 1026 681 quam
1043 643 1068 668 a
1084 635 1219 681 patre,
1235 631 1399 671 nobilis-Z

190 693 291 730 simo
307 698 434 744 atque
451 696 606 744 optimo
621 696 720 740 viro,
736 707 967 745 acceperas,
982 709 1064 734 non
1078 694 1242 742 fefellit,
1256 708 1310 734 ne
1322 709 1396 734 nos

191 757 358 807 quidem
376 763 516 796 nostra
534 759 730 797 divinatio
748 758 879 805 fallet,
898 773 1022 811 quam
1040 774 1134 802 cum
1151 763 1397 812 sapientissi-

189 835 349 860 morum
372 825 549 861 virorum
570 827 848 862 monumentis
871 830 999 876 atque
1021 829 1253 877 praeceptis
1274 826 1397 877 pluri-

190 900 355 938 moque,
371 893 418 925 ut
434 893 481 926 tu
497 891 587 934 scis,
604 889 815 928 doctrinae
831 890 981 936 studio,
998 895 1089 928 tum
1103 904 1254 942 magno
1271 893 1398 930 etiam

189 965 265 989 usu
280 954 521 997 tractandae
535 954 784 1005 reipublicae
799 968 1032 1007 magnaque
1047 961 1279 994 nostrorum
1292 962 1397 998 tem-

149 1021 172 1053 4
188 1030 334 1067 porum
354 1020 557 1057 varietate
578 1022 787 1057 consecuti
807 1033 959 1059 sumus.
1014 1020 1090 1059 Cui
1111 1021 1279 1073 quidem
1298 1021 1396 1067 diviss

190 1085 346 1121 nationi
367 1083 443 1122 hoc
463 1084 554 1135 plus
577 1084 830 1131 confidimus,
853 1086 964 1136 quod
986 1099 1036 1124 ea
1055 1100 1130 1125 nos
1150 1086 1252 1125 nihil
1271 1089 1314 1125 in
1333 1079 1395 1126 his

190 1153 277 1185 tam
318 1149 496 1187 obscuris
535 1150 658 1188 rebus
698 1155 869 1202 tamque
907 1152 1160 1202 perturbatis
1200 1165 1396 1204 umquam

189 1216 353 1251 omnino
366 1213 528 1253 fefellit.
583 1215 790 1261 Dicerem,
804 1229 910 1267 quae
924 1221 1023 1254 ante
1035 1215 1176 1255 futura
1188 1211 1395 1264 dixissem,

190 1280 230 1315 ni
247 1291 423 1325 vererer,
440 1293 493 1318 ne
511 1293 562 1318 ex
581 1283 738 1318 eventis
757 1280 912 1332 fingere
929 1281 1102 1320 viderer.
1156 1281 1239 1321 Sed
1253 1287 1395 1322 tamen

189 1343 351 1394 plurimi
376 1350 472 1383 sunt
496 1350 640 1391 testes,
665 1359 732 1383 me
758 1351 802 1384 et
826 1348 956 1393 initio,
980 1360 1034 1385 ne
1058 1349 1327 1399 coniungeret
1349 1344 1393 1388 Se

190 1422 283 1446 cum
317 1409 507 1456 Caesare,
540 1413 746 1449 monuisse
781 1411 1037 1463 Pompeium,
1072 1418 1116 1451 et
1148 1418 1307 1464 postea,
1339 1403 1394 1452 ne

189 1477 439 1526 seiungeret.
471 1475 789 1514 ‚Coniunctione
816 1476 950 1528 frangi
978 1482 1146 1516 senatus
1175 1491 1288 1530 opeS‚
1314 1478 1395 1518 dis-

189 1541 397 1578 iunctione
436 1540 552 1579 civile
592 1541 746 1579 bellurn
786 1545 956 1580 excitari
994 1542 1199 1582 videbam.
1251 1544 1392 1596 Atque

189 1606 337 1643 utebar
364 1604 676 1644 familiarissime
706 1606 894 1653 Caesare,
925 1606 1165 1659 Pompeium
1191 1607 1392 1648 faciebam

188 1670 351 1720 plurimi
369 1683 378 1716 3
416 1671 490 1709 sed
512 1677 602 1710 erat
623 1685 762 1710 meum
784 1672 996 1710 consilium
1017 1686 1111 1711 cum
1132 1672 1253 1712 fidele
1275 1674 1392 1714 Pom-

149 1741 170 1771 5
188 1738 295 1786 peio,
330 1741 420 1774 tum
454 1737 633 1775 salutare
668 1739 846 1789 utrique.
901 1738 1019 1786 Quae
1052 1744 1270 1790 praeterea
1301 1753 1392 1791 pro-

188 1801 372 1847 viderim,
394 1807 626 1852 praetereo.
681 1802 784 1841 Nolo
809 1805 919 1840 enim
941 1802 1049 1842 hunc
1072 1803 1125 1842 de
1147 1817 1215 1843 me
1238 1807 1392 1856 optime

238 1947 253 1963 ⁰
279 1943 311 1977 It
333 1954 405 1976 was
427 1943 520 1976 from
543 1944 603 1977 the
626 1944 820 1978 Etruscans
842 1945 920 1978 that
941 1945 1002 1979 the
1026 1945 1185 1980 Romans
1207 1946 1390 1982 bort-owed

190 1990 283 2019 most
305 1987 345 2019 of
363 1987 454 2020 their
475 1990 548 2021 arts
571 1988 611 2021 of
630 1988 839 2027 divination‚
862 1988 934 2022 and
957 2000 1081 2032 young
1105 1990 1245 2024 Roman
1268 1990 1390 2025 nobles

190 2030 277 2063 used
295 2034 332 2063 to
347 2030 471 2064 attend
488 2030 548 2065 the
564 2031 704 2065 schools
720 2031 761 2065 of
774 2031 834 2065 the
851 2032 1078 2066 Lucumones
1094 2034 1130 2066 in
1147 2033 1303 2067 Etruria.

191 2086 270 2120 454
