1442 2392
686 145 891 186 CICERO

179 249 360 289 levarem
373 253 545 290 miseriis
558 251 743 302 perditas
756 253 945 290 civitates
959 256 1005 290 et
1015 250 1200 303 perditas
1211 252 1391 290 maxime

179 343 254 381 per
278 333 545 382 magistratus
571 344 680 377 suOS,
706 344 789 369 non
813 333 931 382 potui
955 333 998 368 in
1022 329 1092 369 illo
1116 335 1286 382 sumptu
1309 319 1392 381 non

179 389 408 448 necessario
437 410 663 461 neglegens
702 423 804 449 esse.
858 409 936 457 Tu,
973 412 1007 449 si
1043 409 1274 449 istiusmodi
1290 441 1295 450 .
1309 422 1393 449 ser*

180 501 322 526 mones
342 487 395 526 ad
413 494 457 527 te
477 488 605 527 delati
624 488 677 526 de
695 501 763 527 me
782 494 893 535 sunt,
911 502 994 527 non
1012 488 1193 528 debuisti
1209 487 1393 550 credere.

180 565 221 604 Si
257 572 399 606 autem
433 567 511 606 hoc
544 581 699 619 genere
734 568 966 614 delectaris,
1001 574 1063 614 ut,
1097 581 1205 620 quae
1239 551 1393 613 tibiju

179 652 365 685 mentem
411 650 595 693 veniant,
632 647 719 686 aliis
766 649 983 694 attribuas,
1019 659 1150 700 genus
1195 648 1393 686 sermonis

180 725 337 764 inducis
374 728 417 764 in
453 728 677 765 amicitiam
713 729 881 765 minime
917 726 1101 766 liberale.
1154 726 1245 778 Ego
1281 728 1315 764 si
1349 727 1394 771 in

179 807 387 854 provincia
401 805 622 843 detrahere
638 806 690 844 de
706 811 780 844 tua
794 804 906 844 fama
920 819 1117 857 umquam
1132 808 1394 857 cogitassem,

181 895 263 920 non
298 883 351 921 ad
384 897 584 935 generum
619 890 753 930 tuum,
787 898 924 936 neque
959 884 1013 923 ad
1044 884 1241 924 libertum
1273 889 1392 938 tuum

181 961 384 1009 Brundisi,
421 976 557 1015 neque
595 964 648 1002 ad
683 963 942 1015 praefectum
977 963 1141 1003 fabrum
1177 963 1394 1017 Corcyrae,

182 1054 307 1092 quem
327 1045 370 1080 in
389 1042 525 1081 locum
545 1056 613 1082 me
635 1046 774 1082 venire
795 1043 935 1089 velles,
955 1043 1202 1083 retulissem.
1255 1034 1394 1091 Qu'are

181 1127 315 1171 potes,
332 1122 576 1161 doctissimis
593 1121 824 1161 hominibus
842 1123 1091 1168 auctoribus,
1107 1135 1281 1174 quorum
1297 1125 1394 1160 sunt

182 1199 234 1237 de
253 1203 432 1238 amicitia
447 1201 631 1252 gerenda
647 1202 968 1252 praeclarissime
985 1203 1125 1253 scripti
1140 1201 1247 1253 libri,
1262 1199 1394 1254 gemis

181 1275 258 1314 hoc
294 1282 431 1315 totum
467 1279 660 1316 orationis
698 1276 843 1315 tollere
863 1290 873 1316 :
924 1277 948 1292 ‘⁸
968 1258 1267 1329 disputabant3
1317 1291 1396 1330 ego

137 1363 159 1394 6
181 1361 325 1393 contra
355 1355 636 1401 disserebam3
664 1355 887 1402 dicebant3
915 1370 993 1409 ego
1023 1356 1272 1409 negabam.''
1319 1356 1395 1404 An

181 1433 281 1472 mihi
299 1434 351 1473 de
369 1440 413 1473 te
432 1434 531 1473 nihil
550 1449 639 1474 esse
658 1435 815 1474 dictum
833 1449 1029 1487 umquam
1046 1442 1169 1487 putas
1184 1437 1204 1475 v?
1247 1449 1300 1475 ne
1317 1434 1394 1475 hoe

182 1512 363 1565 quidem,
389 1514 513 1565 quod,
537 1528 631 1553 curn
655 1528 722 1553 me
749 1514 997 1553 Laodiceam
1021 1517 1160 1554 venire
1184 1515 1393 1558 voluisses,

180 1591 360 1631 Taurum
374 1596 462 1644 ipse
478 1596 661 1632 transisti
677 1594 692 1632 ?
723 1594 833 1645 quod
847 1594 994 1633 iisdem
1008 1594 1153 1634 diebus
1167 1608 1285 1633 meus
1299 1607 1393 1636 con-

181 1678 327 1711 ventus
370 1678 460 1711 erat
500 1673 728 1724 Apameae,
770 1672 986 1725 Synnadis,
1027 1672 1255 1720 Philomeli,
1295 1676 1391 1713 tuus

179 1750 293 1790 Tarsi
312 1752 327 1790 ?
375 1751 467 1791 Non
486 1752 620 1790 dicam
639 1753 770 1803 plura,
790 1766 857 1799 ne,
876 1755 919 1791 in
938 1766 1019 1805 quo
1038 1758 1083 1792 te
1102 1753 1331 1805 obiurgem‚
1346 1733 1392 1792 id

178 1832 313 1881 ipsum
332 1831 472 1869 videar
489 1834 653 1870 imitari.
703 1831 809 1870 Illud
823 1831 971 1878 dicam,
986 1837 1034 1871 ut
1052 1834 1186 1870 sentio
1201 1844 1212 1877 ;
1244 1834 1278 1871 si
1295 1834 1390 1879 ista,

180 1923 285 1960 quae
312 1910 409 1949 alios
435 1910 546 1962 loqui
571 1911 684 1956 dicis,
710 1914 796 1962 ipse
822 1914 964 1957 sentis,
989 1916 1063 1950 tua
1086 1924 1247 1950 summa
1270 1910 1390 1963 culpa

179 1995 243 2028 est
262 2002 271 2034 ;
299 1992 361 2027 sin
378 1995 520 2028 autem
536 1990 602 2028 alii
619 1996 758 2028 tecum
773 1989 876 2028 haec
892 1990 1128 2042 loquuntur,
1145 1995 1218 2029 tua
1232 1995 1388 2036 tamen,

182 2079 261 2113 204
