1442 2392
688 179 893 219 CICERO

187 298 339 336 moque
370 286 564 330 maximo,
597 284 649 322 de
682 287 736 330 vi,
767 284 820 322 de
854 287 1056 336 auspiciis,
1087 285 1141 324 de
1173 279 1396 325 donatione

141 356 162 388 8
187 363 422 402 regnorum.
475 349 622 401 Neque
661 362 756 387 vero
794 348 871 388 hac
907 352 951 387 in
988 363 1112 388 causa
1147 351 1285 397 modo,
1321 350 1396 390 sed

188 421 427 454 constanter
459 428 506 453 ac
534 427 658 466 saepe
686 417 728 452 in
759 421 921 453 senatu.
975 415 1086 463 Quin
1113 418 1256 462 etiam,
1285 415 1397 462 Mare

189 480 334 519 cellino
357 486 402 518 et
424 479 611 531 Philippo
633 479 879 526 consulibus,
902 480 1028 518 Nonis
1054 480 1277 532 Aprilibus,
1298 479 1397 526 mihi

191 551 255 584 est
274 551 442 584 senatus
463 558 665 591 assensus,
685 551 733 584 ut
752 545 805 583 de
826 558 924 596 agro
945 545 1170 597 Campano,
1189 545 1398 598 frequenti

189 617 351 657 senatu,
372 610 513 649 Idibus
544 610 666 648 Maiis
694 609 931 649 referretur.
996 611 1105 649 Num
1126 614 1243 662 potui
1267 614 1398 663 magis

189 679 232 715 in
259 689 394 715 arcem
420 676 525 714 illius
553 689 700 714 causae
726 676 935 722 invadere,
962 682 1035 715 aut
1061 680 1191 729 magis
1218 674 1398 728 oblivisci

190 748 423 792 temporum
456 754 655 787 meorum,
688 743 922 779 meminisse
956 742 1196 780 actionum?
1250 730 1399 798 Haca

190 820 257 845 me
292 809 501 845 sententia
535 806 659 853 dicta,
694 820 868 858 magnus
903 810 1131 846 animorum
1164 806 1298 847 faetus
1332 794 1399 852 est

190 878 341 919 motus,
373 886 466 910 cum
498 885 653 917 eorum,
685 885 858 923 quorum
889 875 1086 923 oportuit,
1117 879 1207 912 tum
1237 873 1398 912 illorum

142 944 164 976 9
191 941 332 984 etiam,
345 951 517 989 quorum
529 951 753 989 numquam
764 943 970 988 putaram.
1008 938 1114 976 Nam
1126 938 1202 977 hoc
1212 943 1398 978 senatus·

191 1003 376 1042 consulto
399 1006 442 1040 in
465 1016 601 1041 meam
625 1005 875 1041 sententiam
898 1002 1024 1049 facto,
1048 1002 1281 1055 PompeiuS,
1303 997 1397 1063 cum

191 1068 291 1107 mihi
311 1068 412 1106 nihil
430 1069 679 1107 ostendisset
699 1081 743 1107 se
765 1081 854 1107 esse
875 1067 1119 1116 offensum,'
1107 1083 1150 1108 1n
1169 1052 1397 1122 Sardiniam

193 1140 237 1174 et
255 1137 298 1172 in
318 1133 500 1172 Africam
519 1132 728 1185 profectus
749 1139 827 1180 est,
848 1147 980 1186 eoque
999 1137 1148 1173 itinere
1169 1134 1324 1174 Lucam
1343 1135 1398 1178 ad

192 1199 410 1238 Caesarem
425 1202 552 1238 venit.
607 1199 669 1237 Ibi
684 1199 816 1237 multa
830 1199 882 1238 de
897 1213 991 1238 mea
1004 1203 1213 1239 sententia
1227 1206 1397 1253 questus

192 1271 256 1303 est
273 1265 437 1311 Caesar,
453 1267 606 1316 quippe
623 1267 693 1316 qui
710 1267 837 1303 etiam
854 1264 1075 1303 Ravennae
1092 1265 1282 1304 Crassum
1298 1255 1396 1306 ante

192 1328 374 1374 vidisset,
418 1328 470 1366 ab
513 1341 645 1379 eoque
687 1330 730 1365 in
772 1341 839 1366 me
883 1334 994 1366 esset
1034 1331 1237 1367 incensus.
1288 1327 1396 1377 Sane

191 1391 365 1429 moleste
401 1390 642 1441 Pompeium
676 1390 718 1428 id
752 1390 859 1429 ferre
894 1392 1126 1438 constabat,
1159 1391 1271 1445 quod
1304 1387 1398 1445 e‘go,

192 1468 285 1493 cum
301 1454 505 1492 audissem
520 1467 571 1492 ex
587 1453 689 1500 aliis,
703 1457 882 1492 maxime
897 1468 949 1493 ex
963 1467 1057 1494 meo
1070 1454 1198 1493 fratre
1211 1458 1397 1507 cognovi.

193 1517 329 1565 Quem
348 1530 442 1555 cum
461 1519 504 1554 in
523 1516 709 1555 Sardinia
729 1516 947 1567 Pompeius
966 1520 1106 1568 paucis
1124 1523 1220 1569 post
1237 1518 1397 1565 diebus,

193 1593 317 1631 quam
342 1579 455 1618 Luca
479 1580 1046 1626 discesserat,-convenisset:
1086 1579 1225 1627 “Te,”
1247 1584 1396 1633 inquit,

191 1645 363 1693 “ipsum
376 1645 495 1693 cupio
510 1655 520 1687 3
543 1642 643 1679 nihil
655 1645 922 1693 opportunius
936 1645 1074 1693 potuit
1088 1643 1272 1682 accidere
1288 1656 1298 1689 3
1319 1646 1396 1690 nisi

191 1719 284 1743 cum
318 1704 460 1743 Marco
490 1703 618 1743 fratre
649 1705 870 1757 diligenter
900 1708 1046 1756 egeris,
1077 1701 1397 1756 dependendum

191 1768 267 1806 tibi
280 1774 358 1814 est,
370 1768 481 1819 quod
495 1767 594 1806 mihi
606 1781 680 1819 pro
691 1767 759 1806 illo
771 1767 1067 1819 spopondisti.''
1103 1759 1223 1817 Quid
1234 1768 1395 1809 multa?

241 1868 257 1883 ⁰
283 1863 325 1895 In
343 1865 386 1895 56
405 1874 470 1895 Bm..

244 1905 257 1925 ⁶
282 1906 430 1939 Watson
443 1910 607 1948 suggests
618 1907 697 1939 that
709 1918 828 1940 eorum
839 1906 946 1940 refers
958 1910 996 1940 to
1007 1906 1139 1940 Caesar
1149 1907 1222 1940 and
1234 1907 1395 1948 Crassus,

196 1949 342 1982 illorum
360 1953 397 1983 to
417 1950 576 1992 Pompey
595 1949 667 1982 and
686 1950 740 1983 his
757 1950 903 1983 friends.

242 1997 254 2013 ⁶
278 1992 434 2033 Quintus
472 1993 555 2032 had,
594 1993 744 2036 morally
781 1993 970 2036 speaking,
1007 2004 1100 2036 gone
1137 1994 1208 2027 bail
1248 1994 1304 2027 for
1340 1994 1396 2029 his

196 2036 368 2068 brother's
383 2040 533 2078 support
547 2036 587 2070 of
598 2037 658 2069 the
672 2038 904 2075 triumvirate,
920 2036 992 2069 and
1008 2040 1103 2070 must
1118 2048 1198 2070 now
1211 2036 1301 2070 fulfil
1317 2037 1396 2072 that

195 2079 307 2112 moral
321 2079 529 2122 obligation.
577 2080 691 2113 There
704 2082 733 2113 is
746 2091 793 2113 no
806 2082 969 2123 question
983 2079 1023 2113 of
1031 2091 1054 2114 a
1067 2091 1197 2124 money
1210 2083 1394 2124 payment.

198 2136 248 2168 54·
