<?xml version="1.0" encoding="UTF-8"?>
<!DOCTYPE html PUBLIC "-//W3C//DTD XHTML 1.0 Transitional//EN"
    "http://www.w3.org/TR/xhtml1/DTD/xhtml1-transitional.dtd">
<html xmlns="http://www.w3.org/1999/xhtml" xml:lang="en" lang="en">
 <head>
  <title>
</title>
<meta http-equiv="Content-Type" content="text/html;charset=utf-8" />
  <meta name='ocr-system' content='tesseract 3.04.00' />
  <meta name='ocr-capabilities' content='ocr_page ocr_carea ocr_par ocr_line ocrx_word'/>
</head>
<body>
  <div class='ocr_page' id='page_1' title='image "./letterstohisfrie01ciceuoft_0348.png"; bbox 0 0 1442 2392; ppageno 0'>
   <div class='ocr_carea' id='block_1_1' title="bbox 646 172 850 211">
    <p class='ocr_par' dir='ltr' id='par_1_1' title="bbox 646 172 850 211">
     <span class='ocr_line' id='line_1_1' title="bbox 646 172 850 211; baseline 0.005 -1"><span class='ocrx_word' id='word_1_1' title='bbox 646 172 850 211; x_wconf 89' lang='lat' dir='ltr'>CICERO</span> 
     </span>
    </p>
   </div>
   <div class='ocr_carea' id='block_1_2' title="bbox 94 277 1364 1767">
    <p class='ocr_par' dir='ltr' id='par_1_2' title="bbox 94 277 1364 1767">
     <span class='ocr_line' id='line_1_2' title="bbox 143 277 1363 329; baseline 0.002 -13"><span class='ocrx_word' id='word_1_2' title='bbox 143 291 280 316; x_wconf 88' lang='lat' dir='ltr'><strong>meam</strong></span> <span class='ocrx_word' id='word_1_3' title='bbox 294 279 509 328; x_wconf 80' lang='lat' dir='ltr'><strong>pristinam</strong></span> <span class='ocrx_word' id='word_1_4' title='bbox 523 277 772 329; x_wconf 88' lang='lat' dir='ltr'><strong>dignitatem</strong></span> <span class='ocrx_word' id='word_1_5' title='bbox 787 277 975 315; x_wconf 87' lang='lat' dir='ltr'><strong>obtinere</strong></span> <span class='ocrx_word' id='word_1_6' title='bbox 993 289 1003 323; x_wconf 78' lang='grc' dir='ltr'><strong>ς</strong></span> <span class='ocrx_word' id='word_1_7' title='bbox 1033 278 1172 317; x_wconf 88' lang='lat' dir='ltr'><strong>alteris</strong></span> <span class='ocrx_word' id='word_1_8' title='bbox 1186 278 1363 318; x_wconf 50' lang='lat' dir='ltr'><strong>dicebas&gt;</strong></span> 
     </span>
     <span class='ocr_line' id='line_1_3' title="bbox 143 338 1364 393; baseline 0 -13"><span class='ocrx_word' id='word_1_9' title='bbox 143 345 188 380; x_wconf 85' lang='lat' dir='ltr'><strong>te</strong></span> <span class='ocrx_word' id='word_1_10' title='bbox 205 339 324 386; x_wconf 87' lang='lat' dir='ltr'><strong>velle,</strong></span> <span class='ocrx_word' id='word_1_11' title='bbox 342 353 448 392; x_wconf 91' lang='lat' dir='ltr'><strong>quae</strong></span> <span class='ocrx_word' id='word_1_12' title='bbox 466 341 656 390; x_wconf 84' lang='lat' dir='ltr'><strong>egissem,</strong></span> <span class='ocrx_word' id='word_1_13' title='bbox 673 340 780 377; x_wconf 92' lang='lat' dir='ltr'><strong>bene</strong></span> <span class='ocrx_word' id='word_1_14' title='bbox 799 345 843 377; x_wconf 93' lang='lat' dir='ltr'><strong>et</strong></span> <span class='ocrx_word' id='word_1_15' title='bbox 859 338 1034 378; x_wconf 77' lang='lat' dir='ltr'><strong>feliciter</strong></span> <span class='ocrx_word' id='word_1_16' title='bbox 1051 343 1229 380; x_wconf 87' lang='lat' dir='ltr'><strong>evenire.</strong></span> <span class='ocrx_word' id='word_1_17' title='bbox 1262 341 1364 393; x_wconf 82' lang='lat' dir='ltr'><strong>Ego·</strong></span> 
     </span>
     <span class='ocr_line' id='line_1_4' title="bbox 143 402 1358 453; baseline 0.002 -12"><span class='ocrx_word' id='word_1_18' title='bbox 143 408 299 449; x_wconf 88' lang='lat' dir='ltr'><strong>autem,</strong></span> <span class='ocrx_word' id='word_1_19' title='bbox 324 405 357 440; x_wconf 92' lang='lat' dir='ltr'><strong>si</strong></span> <span class='ocrx_word' id='word_1_20' title='bbox 381 402 560 453; x_wconf 77' lang='lat' dir='ltr'><strong>dignitas</strong></span> <span class='ocrx_word' id='word_1_21' title='bbox 585 407 663 448; x_wconf 88' lang='lat' dir='ltr'><strong>est,</strong></span> <span class='ocrx_word' id='word_1_22' title='bbox 687 402 795 440; x_wconf 90' lang='lat' dir='ltr'><strong>bene</strong></span> <span class='ocrx_word' id='word_1_23' title='bbox 820 402 872 440; x_wconf 93' lang='lat' dir='ltr'><strong>de</strong></span> <span class='ocrx_word' id='word_1_24' title='bbox 896 402 1106 453; x_wconf 85' lang='lat' dir='ltr'><strong>republica</strong></span> <span class='ocrx_word' id='word_1_25' title='bbox 1129 406 1282 442; x_wconf 87' lang='lat' dir='ltr'><strong>sentire</strong></span> <span class='ocrx_word' id='word_1_26' title='bbox 1307 409 1358 443; x_wconf 62' lang='grc' dir='ltr'><strong>εἰτ’</strong></span> 
     </span>
     <span class='ocr_line' id='line_1_5' title="bbox 143 463 1351 517; baseline 0.001 -13"><span class='ocrx_word' id='word_1_27' title='bbox 143 466 259 504; x_wconf 90' lang='lat' dir='ltr'><strong>bonis</strong></span> <span class='ocrx_word' id='word_1_28' title='bbox 282 467 374 503; x_wconf 91' lang='lat' dir='ltr'><strong>viris</strong></span> <span class='ocrx_word' id='word_1_29' title='bbox 395 464 569 515; x_wconf 89' lang='lat' dir='ltr'><strong>probare</strong></span> <span class='ocrx_word' id='word_1_30' title='bbox 591 463 702 515; x_wconf 90' lang='lat' dir='ltr'><strong>quod</strong></span> <span class='ocrx_word' id='word_1_31' title='bbox 723 466 891 510; x_wconf 88' lang='lat' dir='ltr'><strong>sentias,</strong></span> <span class='ocrx_word' id='word_1_32' title='bbox 913 465 1081 503; x_wconf 92' lang='lat' dir='ltr'><strong>obtineo</strong></span> <span class='ocrx_word' id='word_1_33' title='bbox 1103 465 1351 517; x_wconf 87' lang='lat' dir='ltr'><strong>dignitatem</strong></span> 
     </span>
     <span class='ocr_line' id='line_1_6' title="bbox 142 526 1350 579; baseline 0.001 -13"><span class='ocrx_word' id='word_1_34' title='bbox 142 541 279 566; x_wconf 88' lang='lat' dir='ltr'><strong>meam</strong></span> <span class='ocrx_word' id='word_1_35' title='bbox 297 540 307 572; x_wconf 92' lang='lat'>;</span> <span class='ocrx_word' id='word_1_36' title='bbox 325 530 387 565; x_wconf 88' lang='lat' dir='ltr'><strong>sin</strong></span> <span class='ocrx_word' id='word_1_37' title='bbox 405 533 547 565; x_wconf 90' lang='lat' dir='ltr'><strong>autem</strong></span> <span class='ocrx_word' id='word_1_38' title='bbox 564 529 607 564; x_wconf 92' lang='lat' dir='ltr'><strong>in</strong></span> <span class='ocrx_word' id='word_1_39' title='bbox 626 540 675 565; x_wconf 93' lang='lat' dir='ltr'><strong>eo</strong></span> <span class='ocrx_word' id='word_1_40' title='bbox 694 526 872 578; x_wconf 82' lang='lat' dir='ltr'><strong>dignitas</strong></span> <span class='ocrx_word' id='word_1_41' title='bbox 892 533 970 573; x_wconf 89' lang='lat' dir='ltr'><strong>est,</strong></span> <span class='ocrx_word' id='word_1_42' title='bbox 988 530 1036 573; x_wconf 89' lang='lat' dir='ltr'><strong>si,</strong></span> <span class='ocrx_word' id='word_1_43' title='bbox 1054 527 1165 579; x_wconf 90' lang='lat' dir='ltr'><strong>quod</strong></span> <span class='ocrx_word' id='word_1_44' title='bbox 1182 531 1350 576; x_wconf 87' lang='lat' dir='ltr'><strong>sentias,</strong></span> 
     </span>
     <span class='ocr_line' id='line_1_7' title="bbox 143 589 1350 640; baseline 0.002 -12"><span class='ocrx_word' id='word_1_45' title='bbox 143 596 216 629; x_wconf 87' lang='lat' dir='ltr'><strong>aut</strong></span> <span class='ocrx_word' id='word_1_46' title='bbox 249 604 293 628; x_wconf 86' lang='lat' dir='ltr'><strong>re</strong></span> <span class='ocrx_word' id='word_1_47' title='bbox 327 589 487 628; x_wconf 89' lang='lat' dir='ltr'><strong>efficere</strong></span> <span class='ocrx_word' id='word_1_48' title='bbox 521 591 649 640; x_wconf 91' lang='lat' dir='ltr'><strong>possis</strong></span> <span class='ocrx_word' id='word_1_49' title='bbox 684 595 757 627; x_wconf 89' lang='lat' dir='ltr'><strong>aut</strong></span> <span class='ocrx_word' id='word_1_50' title='bbox 790 589 970 640; x_wconf 91' lang='lat' dir='ltr'><strong>denique</strong></span> <span class='ocrx_word' id='word_1_51' title='bbox 1002 589 1133 628; x_wconf 89' lang='lat' dir='ltr'><strong>libera</strong></span> <span class='ocrx_word' id='word_1_52' title='bbox 1165 593 1350 630; x_wconf 85' lang='lat' dir='ltr'><strong>oratione</strong></span> 
     </span>
     <span class='ocr_line' id='line_1_8' title="bbox 141 651 1350 704; baseline 0.002 -14"><span class='ocrx_word' id='word_1_53' title='bbox 141 652 381 698; x_wconf 85' lang='lat' dir='ltr'><strong>defendere,</strong></span> <span class='ocrx_word' id='word_1_54' title='bbox 403 665 456 690; x_wconf 90' lang='lat' dir='ltr'><strong>ne</strong></span> <span class='ocrx_word' id='word_1_55' title='bbox 479 654 698 703; x_wconf 90' lang='lat' dir='ltr'><strong>vestigium</strong></span> <span class='ocrx_word' id='word_1_56' title='bbox 721 652 888 703; x_wconf 91' lang='lat' dir='ltr'><strong>quidem</strong></span> <span class='ocrx_word' id='word_1_57' title='bbox 911 651 1038 690; x_wconf 92' lang='lat' dir='ltr'><strong>ullum</strong></span> <span class='ocrx_word' id='word_1_58' title='bbox 1061 658 1126 691; x_wconf 88' lang='lat' dir='ltr'><strong>est</strong></span> <span class='ocrx_word' id='word_1_59' title='bbox 1147 652 1350 704; x_wconf 84' lang='lat' dir='ltr'><strong>reliquum</strong></span> 
     </span>
     <span class='ocr_line' id='line_1_9' title="bbox 142 714 1350 766; baseline 0.001 -13"><span class='ocrx_word' id='word_1_60' title='bbox 142 716 257 753; x_wconf 91' lang='lat' dir='ltr'><strong>nobis</strong></span> <span class='ocrx_word' id='word_1_61' title='bbox 281 715 510 766; x_wconf 85' lang='lat' dir='ltr'><strong>dignitatis,</strong></span> <span class='ocrx_word' id='word_1_62' title='bbox 534 716 752 765; x_wconf 88' lang='lat' dir='ltr'><strong>agiturque</strong></span> <span class='ocrx_word' id='word_1_63' title='bbox 775 714 998 764; x_wconf 88' lang='lat' dir='ltr'><strong>praeclare,</strong></span> <span class='ocrx_word' id='word_1_64' title='bbox 1022 717 1055 752; x_wconf 92' lang='lat' dir='ltr'><strong>si</strong></span> <span class='ocrx_word' id='word_1_65' title='bbox 1079 718 1350 766; x_wconf 83' lang='lat' dir='ltr'><strong>nosmetipsos</strong></span> 
     </span>
     <span class='ocr_line' id='line_1_10' title="bbox 140 777 1351 829; baseline 0 -13"><span class='ocrx_word' id='word_1_66' title='bbox 140 791 285 829; x_wconf 88' lang='lat' dir='ltr'><strong>regere</strong></span> <span class='ocrx_word' id='word_1_67' title='bbox 301 790 530 828; x_wconf 90' lang='lat' dir='ltr'><strong>possumus,</strong></span> <span class='ocrx_word' id='word_1_68' title='bbox 546 782 594 815; x_wconf 88' lang='lat' dir='ltr'><strong>ut</strong></span> <span class='ocrx_word' id='word_1_69' title='bbox 611 790 673 822; x_wconf 90' lang='lat' dir='ltr'><strong>ea,</strong></span> <span class='ocrx_word' id='word_1_70' title='bbox 691 789 797 827; x_wconf 90' lang='lat' dir='ltr'><strong>quae</strong></span> <span class='ocrx_word' id='word_1_71' title='bbox 812 779 964 827; x_wconf 88' lang='lat' dir='ltr'><strong>partim</strong></span> <span class='ocrx_word' id='word_1_72' title='bbox 979 778 1061 814; x_wconf 90' lang='lat' dir='ltr'><strong>iam</strong></span> <span class='ocrx_word' id='word_1_73' title='bbox 1079 777 1243 823; x_wconf 82' lang='lat' dir='ltr'><strong>adsunt,</strong></span> <span class='ocrx_word' id='word_1_74' title='bbox 1258 791 1351 828; x_wconf 82' lang='lat' dir='ltr'><strong>par-</strong></span> 
     </span>
     <span class='ocr_line' id='line_1_11' title="bbox 136 838 1348 891; baseline 0.001 -13"><span class='ocrx_word' id='word_1_75' title='bbox 136 843 212 879; x_wconf 89' lang='lat' dir='ltr'><strong>tim</strong></span> <span class='ocrx_word' id='word_1_76' title='bbox 230 839 487 891; x_wconf 88' lang='lat' dir='ltr'><strong>impendent,</strong></span> <span class='ocrx_word' id='word_1_77' title='bbox 506 839 720 877; x_wconf 88' lang='lat' dir='ltr'><strong>moderate</strong></span> <span class='ocrx_word' id='word_1_78' title='bbox 739 838 943 884; x_wconf 81' lang='lat' dir='ltr'><strong>feramus3</strong></span> <span class='ocrx_word' id='word_1_79' title='bbox 975 839 1085 890; x_wconf 93' lang='lat' dir='ltr'><strong>quod</strong></span> <span class='ocrx_word' id='word_1_80' title='bbox 1105 845 1170 878; x_wconf 90' lang='lat' dir='ltr'><strong>est</strong></span> <span class='ocrx_word' id='word_1_81' title='bbox 1188 839 1348 879; x_wconf 89' lang='lat' dir='ltr'><strong>difficile</strong></span> 
     </span>
     <span class='ocr_line' id='line_1_12' title="bbox 139 901 1348 952; baseline 0.001 -11"><span class='ocrx_word' id='word_1_82' title='bbox 139 906 182 942; x_wconf 92' lang='lat' dir='ltr'><strong>in</strong></span> <span class='ocrx_word' id='word_1_83' title='bbox 197 902 396 941; x_wconf 90' lang='lat' dir='ltr'><strong>eiusmodi</strong></span> <span class='ocrx_word' id='word_1_84' title='bbox 411 901 533 947; x_wconf 91' lang='lat' dir='ltr'><strong>bello,</strong></span> <span class='ocrx_word' id='word_1_85' title='bbox 548 904 662 940; x_wconf 80' lang='lat' dir='ltr'><strong>cuius</strong></span> <span class='ocrx_word' id='word_1_86' title='bbox 678 904 813 940; x_wconf 86' lang='lat' dir='ltr'><strong>exitus</strong></span> <span class='ocrx_word' id='word_1_87' title='bbox 830 914 882 939; x_wconf 87' lang='lat' dir='ltr'><strong>ex</strong></span> <span class='ocrx_word' id='word_1_88' title='bbox 898 901 1029 939; x_wconf 87' lang='lat' dir='ltr'><strong>altera</strong></span> <span class='ocrx_word' id='word_1_89' title='bbox 1042 907 1162 952; x_wconf 88' lang='lat' dir='ltr'><strong>parte</strong></span> <span class='ocrx_word' id='word_1_90' title='bbox 1177 902 1348 942; x_wconf 86' lang='lat' dir='ltr'><strong>caedem</strong></span> 
     </span>
     <span class='ocr_line' id='line_1_13' title="bbox 94 962 1348 1015; baseline 0 -11"><span class='ocrx_word' id='word_1_91' title='bbox 94 973 115 1004; x_wconf 88' lang='lat'><strong>2</strong></span> <span class='ocrx_word' id='word_1_92' title='bbox 138 971 338 1011; x_wconf 86' lang='lat' dir='ltr'><strong>ostentat,</strong></span> <span class='ocrx_word' id='word_1_93' title='bbox 379 978 431 1002; x_wconf 87' lang='lat' dir='ltr'><strong>ex</strong></span> <span class='ocrx_word' id='word_1_94' title='bbox 472 963 604 1002; x_wconf 86' lang='lat' dir='ltr'><strong>altera</strong></span> <span class='ocrx_word' id='word_1_95' title='bbox 642 966 900 1002; x_wconf 88' lang='lat' dir='ltr'><strong>servitutem.</strong></span> <span class='ocrx_word' id='word_1_96' title='bbox 954 962 1046 1011; x_wconf 84' lang='lat' dir='ltr'><strong>Quo</strong></span> <span class='ocrx_word' id='word_1_97' title='bbox 1085 965 1129 1001; x_wconf 91' lang='lat' dir='ltr'><strong>in</strong></span> <span class='ocrx_word' id='word_1_98' title='bbox 1167 964 1348 1015; x_wconf 89' lang='lat' dir='ltr'><strong>periculo</strong></span> 
     </span>
     <span class='ocr_line' id='line_1_14' title="bbox 138 1025 1348 1072; baseline 0.001 -6"><span class='ocrx_word' id='word_1_99' title='bbox 138 1027 322 1066; x_wconf 85' lang='lat' dir='ltr'><strong>nonnihil</strong></span> <span class='ocrx_word' id='word_1_100' title='bbox 343 1040 410 1065; x_wconf 92' lang='lat' dir='ltr'><strong>me</strong></span> <span class='ocrx_word' id='word_1_101' title='bbox 432 1026 679 1072; x_wconf 87' lang='lat' dir='ltr'><strong>consolatur,</strong></span> <span class='ocrx_word' id='word_1_102' title='bbox 701 1039 795 1064; x_wconf 90' lang='lat' dir='ltr'><strong>cum</strong></span> <span class='ocrx_word' id='word_1_103' title='bbox 816 1025 1020 1072; x_wconf 88' lang='lat' dir='ltr'><strong>recordor,</strong></span> <span class='ocrx_word' id='word_1_104' title='bbox 1043 1025 1146 1065; x_wconf 87' lang='lat' dir='ltr'><strong>haec</strong></span> <span class='ocrx_word' id='word_1_105' title='bbox 1166 1039 1234 1065; x_wconf 91' lang='lat' dir='ltr'><strong>me</strong></span> <span class='ocrx_word' id='word_1_106' title='bbox 1257 1032 1348 1067; x_wconf 84' lang='lat' dir='ltr'><strong>tum</strong></span> 
     </span>
     <span class='ocr_line' id='line_1_15' title="bbox 138 1088 1347 1135; baseline 0 -7"><span class='ocrx_word' id='word_1_107' title='bbox 138 1091 300 1135; x_wconf 88' lang='lat' dir='ltr'><strong>vidisse,</strong></span> <span class='ocrx_word' id='word_1_108' title='bbox 315 1103 408 1127; x_wconf 91' lang='lat' dir='ltr'><strong>cum</strong></span> <span class='ocrx_word' id='word_1_109' title='bbox 423 1088 623 1127; x_wconf 87' lang='lat' dir='ltr'><strong>secundas</strong></span> <span class='ocrx_word' id='word_1_110' title='bbox 636 1091 763 1127; x_wconf 89' lang='lat' dir='ltr'><strong>etiam</strong></span> <span class='ocrx_word' id='word_1_111' title='bbox 776 1101 842 1126; x_wconf 88' lang='lat' dir='ltr'><strong>res</strong></span> <span class='ocrx_word' id='word_1_112' title='bbox 857 1094 1032 1134; x_wconf 86' lang='lat' dir='ltr'><strong>nostras,</strong></span> <span class='ocrx_word' id='word_1_113' title='bbox 1044 1101 1127 1127; x_wconf 89' lang='lat' dir='ltr'><strong>non</strong></span> <span class='ocrx_word' id='word_1_114' title='bbox 1138 1089 1262 1128; x_wconf 89' lang='lat' dir='ltr'><strong>modo</strong></span> <span class='ocrx_word' id='word_1_115' title='bbox 1275 1089 1347 1128; x_wconf 88' lang='lat' dir='ltr'><strong>ad-</strong></span> 
     </span>
     <span class='ocr_line' id='line_1_16' title="bbox 137 1151 1347 1203; baseline -0.001 -12"><span class='ocrx_word' id='word_1_116' title='bbox 137 1167 287 1198; x_wconf 85' lang='lat' dir='ltr'><strong>versas,</strong></span> <span class='ocrx_word' id='word_1_117' title='bbox 306 1152 651 1203; x_wconf 89' lang='lat' dir='ltr'><strong>pertimescebam</strong></span> <span class='ocrx_word' id='word_1_118' title='bbox 677 1151 965 1202; x_wconf 85' lang='lat' dir='ltr'><strong>videbamque,</strong></span> <span class='ocrx_word' id='word_1_119' title='bbox 986 1157 1142 1202; x_wconf 85' lang='lat' dir='ltr'><strong>quanto</strong></span> <span class='ocrx_word' id='word_1_120' title='bbox 1166 1151 1347 1202; x_wconf 89' lang='lat' dir='ltr'><strong>periculo</strong></span> 
     </span>
     <span class='ocr_line' id='line_1_17' title="bbox 136 1206 1348 1266; baseline -0.002 -11"><span class='ocrx_word' id='word_1_121' title='bbox 136 1216 189 1255; x_wconf 92' lang='lat' dir='ltr'><strong>de</strong></span> <span class='ocrx_word' id='word_1_122' title='bbox 207 1219 295 1254; x_wconf 93' lang='lat' dir='ltr'><strong>iure</strong></span> <span class='ocrx_word' id='word_1_123' title='bbox 313 1214 476 1266; x_wconf 91' lang='lat' dir='ltr'><strong>publico</strong></span> <span class='ocrx_word' id='word_1_124' title='bbox 495 1214 796 1265; x_wconf 86' lang='lat' dir='ltr'><strong>disceptaretur</strong></span> <span class='ocrx_word' id='word_1_125' title='bbox 815 1216 950 1251; x_wconf 90' lang='lat' dir='ltr'><strong>armis.</strong></span> <span class='ocrx_word' id='word_1_126' title='bbox 1004 1206 1162 1261; x_wconf 84' lang='lat' dir='ltr'><strong>Quibus</strong></span> <span class='ocrx_word' id='word_1_127' title='bbox 1181 1216 1214 1252; x_wconf 93' lang='lat' dir='ltr'><strong>si</strong></span> <span class='ocrx_word' id='word_1_128' title='bbox 1234 1216 1348 1253; x_wconf 86' lang='lat' dir='ltr'><strong>vicis-</strong></span> 
     </span>
     <span class='ocr_line' id='line_1_18' title="bbox 136 1275 1345 1329; baseline -0.002 -11"><span class='ocrx_word' id='word_1_129' title='bbox 136 1285 230 1318; x_wconf 89' lang='lat' dir='ltr'><strong>sent</strong></span> <span class='ocrx_word' id='word_1_130' title='bbox 255 1281 297 1324; x_wconf 90' lang='lat' dir='ltr'><strong>ii,</strong></span> <span class='ocrx_word' id='word_1_131' title='bbox 324 1278 377 1316; x_wconf 87' lang='lat' dir='ltr'><strong>ad</strong></span> <span class='ocrx_word' id='word_1_132' title='bbox 403 1291 504 1329; x_wconf 87' lang='lat' dir='ltr'><strong>quos</strong></span> <span class='ocrx_word' id='word_1_133' title='bbox 532 1290 610 1328; x_wconf 90' lang='lat' dir='ltr'><strong>ego</strong></span> <span class='ocrx_word' id='word_1_134' title='bbox 636 1279 747 1328; x_wconf 84' lang='lat' dir='ltr'><strong>pacis</strong></span> <span class='ocrx_word' id='word_1_135' title='bbox 773 1289 860 1327; x_wconf 90' lang='lat' dir='ltr'><strong>spe,</strong></span> <span class='ocrx_word' id='word_1_136' title='bbox 887 1290 969 1315; x_wconf 91' lang='lat' dir='ltr'><strong>non</strong></span> <span class='ocrx_word' id='word_1_137' title='bbox 995 1275 1092 1315; x_wconf 91' lang='lat' dir='ltr'><strong>belli</strong></span> <span class='ocrx_word' id='word_1_138' title='bbox 1117 1277 1345 1328; x_wconf 82' lang='lat' dir='ltr'><strong>eupiditate</strong></span> 
     </span>
     <span class='ocr_line' id='line_1_19' title="bbox 136 1339 1346 1390; baseline -0.001 -10"><span class='ocrx_word' id='word_1_139' title='bbox 136 1342 338 1388; x_wconf 90' lang='lat' dir='ltr'><strong>adductus</strong></span> <span class='ocrx_word' id='word_1_140' title='bbox 375 1353 640 1385; x_wconf 87' lang='lat' dir='ltr'><strong>accesseram,</strong></span> <span class='ocrx_word' id='word_1_141' title='bbox 677 1345 819 1378; x_wconf 92' lang='lat' dir='ltr'><strong>tamen</strong></span> <span class='ocrx_word' id='word_1_142' title='bbox 854 1339 1152 1390; x_wconf 86' lang='lat' dir='ltr'><strong>intelligebam,</strong></span> <span class='ocrx_word' id='word_1_143' title='bbox 1189 1344 1234 1378; x_wconf 86' lang='lat' dir='ltr'><strong>et</strong></span> <span class='ocrx_word' id='word_1_144' title='bbox 1267 1343 1346 1379; x_wconf 88' lang='lat' dir='ltr'><strong>ira—</strong></span> 
     </span>
     <span class='ocr_line' id='line_1_20' title="bbox 135 1402 1345 1454; baseline -0.001 -11"><span class='ocrx_word' id='word_1_145' title='bbox 135 1411 272 1444; x_wconf 89' lang='lat' dir='ltr'><strong>torum</strong></span> <span class='ocrx_word' id='word_1_146' title='bbox 296 1404 506 1442; x_wconf 89' lang='lat' dir='ltr'><strong>hominum</strong></span> <span class='ocrx_word' id='word_1_147' title='bbox 531 1408 575 1440; x_wconf 89' lang='lat' dir='ltr'><strong>et</strong></span> <span class='ocrx_word' id='word_1_148' title='bbox 598 1402 838 1453; x_wconf 89' lang='lat' dir='ltr'><strong>cupidorum</strong></span> <span class='ocrx_word' id='word_1_149' title='bbox 862 1407 906 1440; x_wconf 91' lang='lat' dir='ltr'><strong>et</strong></span> <span class='ocrx_word' id='word_1_150' title='bbox 933 1402 1197 1440; x_wconf 90' lang='lat' dir='ltr'><strong>insolentium</strong></span> <span class='ocrx_word' id='word_1_151' title='bbox 1220 1415 1345 1454; x_wconf 84' lang='lat' dir='ltr'><strong>quam</strong></span> 
     </span>
     <span class='ocr_line' id='line_1_21' title="bbox 134 1465 1353 1512; baseline 0 -7"><span class='ocrx_word' id='word_1_152' title='bbox 134 1467 308 1506; x_wconf 90' lang='lat' dir='ltr'><strong>crudelis</strong></span> <span class='ocrx_word' id='word_1_153' title='bbox 326 1472 437 1504; x_wconf 89' lang='lat' dir='ltr'><strong>esset</strong></span> <span class='ocrx_word' id='word_1_154' title='bbox 453 1465 594 1504; x_wconf 87' lang='lat' dir='ltr'><strong>futura</strong></span> <span class='ocrx_word' id='word_1_155' title='bbox 610 1467 779 1503; x_wconf 88' lang='lat' dir='ltr'><strong>victoria</strong></span> <span class='ocrx_word' id='word_1_156' title='bbox 797 1477 806 1509; x_wconf 83' lang='lat'><em>3</em></span> <span class='ocrx_word' id='word_1_157' title='bbox 838 1467 901 1502; x_wconf 91' lang='lat' dir='ltr'><strong>sin</strong></span> <span class='ocrx_word' id='word_1_158' title='bbox 918 1470 1059 1503; x_wconf 90' lang='lat' dir='ltr'><strong>autem</strong></span> <span class='ocrx_word' id='word_1_159' title='bbox 1077 1467 1173 1504; x_wconf 90' lang='lat' dir='ltr'><strong>victi</strong></span> <span class='ocrx_word' id='word_1_160' title='bbox 1191 1471 1353 1512; x_wconf 77' lang='lat' dir='ltr'><strong>essent,.</strong></span> 
     </span>
     <span class='ocr_line' id='line_1_22' title="bbox 134 1527 1344 1582; baseline -0.001 -14"><span class='ocrx_word' id='word_1_161' title='bbox 134 1536 313 1582; x_wconf 90' lang='lat' dir='ltr'><strong>quantus</strong></span> <span class='ocrx_word' id='word_1_162' title='bbox 339 1531 532 1567; x_wconf 89' lang='lat' dir='ltr'><strong>interitus</strong></span> <span class='ocrx_word' id='word_1_163' title='bbox 561 1534 672 1566; x_wconf 91' lang='lat' dir='ltr'><strong>esset</strong></span> <span class='ocrx_word' id='word_1_164' title='bbox 699 1527 862 1566; x_wconf 88' lang='lat' dir='ltr'><strong>futurus</strong></span> <span class='ocrx_word' id='word_1_165' title='bbox 889 1530 1052 1573; x_wconf 91' lang='lat' dir='ltr'><strong>civium,</strong></span> <span class='ocrx_word' id='word_1_166' title='bbox 1079 1530 1231 1578; x_wconf 87' lang='lat' dir='ltr'><strong>partim</strong></span> <span class='ocrx_word' id='word_1_167' title='bbox 1259 1541 1344 1567; x_wconf 85' lang='lat' dir='ltr'><strong>am-</strong></span> 
     </span>
     <span class='ocr_line' id='line_1_23' title="bbox 133 1589 1344 1645; baseline -0.003 -14"><span class='ocrx_word' id='word_1_168' title='bbox 133 1594 419 1645; x_wconf 90' lang='lat' dir='ltr'><strong>plissimorum,</strong></span> <span class='ocrx_word' id='word_1_169' title='bbox 440 1593 592 1642; x_wconf 90' lang='lat' dir='ltr'><strong>partim</strong></span> <span class='ocrx_word' id='word_1_170' title='bbox 614 1593 740 1629; x_wconf 89' lang='lat' dir='ltr'><strong>etiam</strong></span> <span class='ocrx_word' id='word_1_171' title='bbox 762 1593 1024 1641; x_wconf 88' lang='lat' dir='ltr'><strong>optimorum,</strong></span> <span class='ocrx_word' id='word_1_172' title='bbox 1047 1592 1116 1641; x_wconf 93' lang='lat' dir='ltr'><strong>qui</strong></span> <span class='ocrx_word' id='word_1_173' title='bbox 1137 1603 1220 1636; x_wconf 91' lang='lat' dir='ltr'><strong>me,</strong></span> <span class='ocrx_word' id='word_1_174' title='bbox 1241 1589 1344 1631; x_wconf 86' lang='lat' dir='ltr'><strong>haec</strong></span> 
     </span>
     <span class='ocr_line' id='line_1_24' title="bbox 132 1651 1342 1707; baseline -0.002 -13"><span class='ocrx_word' id='word_1_175' title='bbox 132 1656 441 1707; x_wconf 88' lang='lat' dir='ltr'><strong>praedicentem</strong></span> <span class='ocrx_word' id='word_1_176' title='bbox 461 1660 588 1705; x_wconf 91' lang='lat' dir='ltr'><strong>atque</strong></span> <span class='ocrx_word' id='word_1_177' title='bbox 608 1656 764 1704; x_wconf 87' lang='lat' dir='ltr'><strong>optime</strong></span> <span class='ocrx_word' id='word_1_178' title='bbox 784 1652 1067 1691; x_wconf 88' lang='lat' dir='ltr'><strong>consulentem</strong></span> <span class='ocrx_word' id='word_1_179' title='bbox 1086 1651 1209 1691; x_wconf 91' lang='lat' dir='ltr'><strong>saluti</strong></span> <span class='ocrx_word' id='word_1_180' title='bbox 1228 1666 1342 1700; x_wconf 85' lang='lat' dir='ltr'><strong>suae,</strong></span> 
     </span>
     <span class='ocr_line' id='line_1_25' title="bbox 131 1715 1342 1767; baseline -0.002 -10"><span class='ocrx_word' id='word_1_181' title='bbox 131 1719 344 1757; x_wconf 89' lang='lat' dir='ltr'><strong>malebant</strong></span> <span class='ocrx_word' id='word_1_182' title='bbox 373 1720 544 1755; x_wconf 91' lang='lat' dir='ltr'><strong>nimium</strong></span> <span class='ocrx_word' id='word_1_183' title='bbox 573 1716 779 1761; x_wconf 89' lang='lat' dir='ltr'><strong>timidum,</strong></span> <span class='ocrx_word' id='word_1_184' title='bbox 810 1729 934 1767; x_wconf 90' lang='lat' dir='ltr'><strong>quam</strong></span> <span class='ocrx_word' id='word_1_185' title='bbox 965 1717 1063 1753; x_wconf 87' lang='lat' dir='ltr'><strong>satis</strong></span> <span class='ocrx_word' id='word_1_186' title='bbox 1093 1715 1342 1766; x_wconf 87' lang='lat' dir='ltr'><strong>prudentem</strong></span> 
     </span>
    </p>
   </div>
   <div class='ocr_carea' id='block_1_3' title="bbox 134 1814 1340 1946">
    <p class='ocr_par' dir='ltr' id='par_1_3' title="bbox 134 1814 1340 1946">
     <span class='ocr_line' id='line_1_26' title="bbox 180 1814 1340 1862; baseline -0.004 -9"><span class='ocrx_word' id='word_1_187' title='bbox 180 1825 195 1841; x_wconf 77' lang='lat'><strong>⁰</strong></span> <span class='ocrx_word' id='word_1_188' title='bbox 218 1820 304 1853; x_wconf 88' lang='lat' dir='ltr'><strong>This</strong></span> <span class='ocrx_word' id='word_1_189' title='bbox 319 1817 498 1862; x_wconf 85' lang='lat' dir='ltr'><strong>probably</strong></span> <span class='ocrx_word' id='word_1_190' title='bbox 513 1817 622 1851; x_wconf 84' lang='lat' dir='ltr'><strong>refers</strong></span> <span class='ocrx_word' id='word_1_191' title='bbox 637 1820 675 1850; x_wconf 92' lang='lat' dir='ltr'><strong>to</strong></span> <span class='ocrx_word' id='word_1_192' title='bbox 691 1817 745 1850; x_wconf 90' lang='lat' dir='ltr'><strong>his</strong></span> <span class='ocrx_word' id='word_1_193' title='bbox 762 1817 939 1858; x_wconf 88' lang='lat' dir='ltr'><strong>marriage</strong></span> <span class='ocrx_word' id='word_1_194' title='bbox 954 1815 1040 1848; x_wconf 82' lang='lat' dir='ltr'><strong>with</strong></span> <span class='ocrx_word' id='word_1_195' title='bbox 1056 1815 1111 1848; x_wconf 79' lang='lat' dir='ltr'><strong>his</strong></span> <span class='ocrx_word' id='word_1_196' title='bbox 1127 1825 1252 1857; x_wconf 82' lang='lat' dir='ltr'><strong>young</strong></span> <span class='ocrx_word' id='word_1_197' title='bbox 1266 1814 1340 1848; x_wconf 84' lang='lat' dir='ltr'><strong>and</strong></span> 
     </span>
     <span class='ocr_line' id='line_1_27' title="bbox 135 1857 1339 1905; baseline -0.005 -8"><span class='ocrx_word' id='word_1_198' title='bbox 135 1863 289 1905; x_wconf 88' lang='lat' dir='ltr'><strong>wealthy</strong></span> <span class='ocrx_word' id='word_1_199' title='bbox 310 1861 408 1895; x_wconf 87' lang='lat' dir='ltr'><strong>ward</strong></span> <span class='ocrx_word' id='word_1_200' title='bbox 430 1860 597 1900; x_wconf 88' lang='lat' dir='ltr'><strong>Publilia,</strong></span> <span class='ocrx_word' id='word_1_201' title='bbox 618 1860 731 1893; x_wconf 87' lang='lat' dir='ltr'><strong>about</strong></span> <span class='ocrx_word' id='word_1_202' title='bbox 750 1870 773 1892; x_wconf 89' lang='lat' dir='ltr'><strong>a</strong></span> <span class='ocrx_word' id='word_1_203' title='bbox 793 1870 880 1902; x_wconf 85' lang='lat' dir='ltr'><strong>year</strong></span> <span class='ocrx_word' id='word_1_204' title='bbox 899 1858 992 1892; x_wconf 81' lang='lat' dir='ltr'><strong>after</strong></span> <span class='ocrx_word' id='word_1_205' title='bbox 1012 1859 1057 1892; x_wconf 89' lang='lat' dir='ltr'><strong>he</strong></span> <span class='ocrx_word' id='word_1_206' title='bbox 1078 1857 1151 1891; x_wconf 90' lang='lat' dir='ltr'><strong>had</strong></span> <span class='ocrx_word' id='word_1_207' title='bbox 1171 1857 1339 1892; x_wconf 76' lang='lat' dir='ltr'><strong>divor-ced</strong></span> 
     </span>
     <span class='ocr_line' id='line_1_28' title="bbox 134 1901 1340 1946; baseline -0.005 -6"><span class='ocrx_word' id='word_1_208' title='bbox 134 1907 311 1945; x_wconf 86' lang='lat' dir='ltr'><strong>Terentia,</strong></span> <span class='ocrx_word' id='word_1_209' title='bbox 326 1905 383 1938; x_wconf 86' lang='lat' dir='ltr'><strong>for</strong></span> <span class='ocrx_word' id='word_1_210' title='bbox 405 1905 550 1946; x_wconf 82' lang='lat' dir='ltr'><strong>having,</strong></span> <span class='ocrx_word' id='word_1_211' title='bbox 570 1914 610 1937; x_wconf 91' lang='lat' dir='ltr'><strong>as</strong></span> <span class='ocrx_word' id='word_1_212' title='bbox 631 1904 677 1937; x_wconf 90' lang='lat' dir='ltr'><strong>he</strong></span> <span class='ocrx_word' id='word_1_213' title='bbox 698 1902 850 1945; x_wconf 81' lang='lat' dir='ltr'><strong>alleged,</strong></span> <span class='ocrx_word' id='word_1_214' title='bbox 871 1901 1119 1944; x_wconf 83' lang='lat' dir='ltr'><strong>mismanaged</strong></span> <span class='ocrx_word' id='word_1_215' title='bbox 1140 1901 1195 1935; x_wconf 91' lang='lat' dir='ltr'><strong>his</strong></span> <span class='ocrx_word' id='word_1_216' title='bbox 1217 1901 1340 1935; x_wconf 82' lang='lat' dir='ltr'><strong>affairs</strong></span> 
     </span>
    </p>
   </div>
   <div class='ocr_carea' id='block_1_4' title="bbox 135 1948 1340 2035">
    <p class='ocr_par' dir='ltr' id='par_1_4' title="bbox 135 1948 1340 2035">
     <span class='ocr_line' id='line_1_29' title="bbox 135 1948 595 1984; baseline -0.007 -1"><span class='ocrx_word' id='word_1_217' title='bbox 135 1950 241 1984; x_wconf 87' lang='lat' dir='ltr'><strong>durin</strong></span> <span class='ocrx_word' id='word_1_218' title='bbox 284 1950 338 1982; x_wconf 92' lang='lat' dir='ltr'><strong>his</strong></span> <span class='ocrx_word' id='word_1_219' title='bbox 355 1948 595 1982; x_wconf 84' lang='lat' dir='ltr'><strong>banishment.</strong></span> 
     </span>
     <span class='ocr_line' id='line_1_30' title="bbox 182 1986 1340 2035; baseline -0.004 -9"><span class='ocrx_word' id='word_1_220' title='bbox 182 1993 195 2013; x_wconf 76' lang='lat'><strong>¹³</strong></span> <span class='ocrx_word' id='word_1_221' title='bbox 218 1993 249 2025; x_wconf 93' lang='grc' dir='ltr'>Τ</span> <span class='ocrx_word' id='word_1_222' title='bbox 275 2004 294 2026; x_wconf 89' lang='lat' dir='ltr'><strong>e</strong></span> <span class='ocrx_word' id='word_1_223' title='bbox 318 1991 474 2035; x_wconf 87' lang='lat' dir='ltr'><strong>Spanish</strong></span> <span class='ocrx_word' id='word_1_224' title='bbox 497 2001 570 2024; x_wconf 87' lang='lat' dir='ltr'><strong>war</strong></span> <span class='ocrx_word' id='word_1_225' title='bbox 592 1991 735 2033; x_wconf 85' lang='lat' dir='ltr'><strong>against</strong></span> <span class='ocrx_word' id='word_1_226' title='bbox 757 1989 818 2022; x_wconf 88' lang='lat' dir='ltr'><strong>the</strong></span> <span class='ocrx_word' id='word_1_227' title='bbox 840 1999 924 2022; x_wconf 90' lang='lat' dir='ltr'><strong>sons</strong></span> <span class='ocrx_word' id='word_1_228' title='bbox 947 1987 987 2021; x_wconf 85' lang='lat' dir='ltr'><strong>of</strong></span> <span class='ocrx_word' id='word_1_229' title='bbox 1011 1987 1184 2030; x_wconf 87' lang='lat' dir='ltr'><strong>Pompey.</strong></span> <span class='ocrx_word' id='word_1_230' title='bbox 1232 1986 1340 2021; x_wconf 86' lang='lat' dir='ltr'><strong>Their</strong></span> 
     </span>
    </p>
   </div>
   <div class='ocr_carea' id='block_1_5' title="bbox 134 2030 1340 2114">
    <p class='ocr_par' dir='ltr' id='par_1_5' title="bbox 134 2030 1340 2114">
     <span class='ocr_line' id='line_1_31' title="bbox 134 2030 1340 2113; baseline -0.004 -44"><span class='ocrx_word' id='word_1_231' title='bbox 134 2038 271 2113; x_wconf 74' lang='lat' dir='ltr'><strong>vlictory</strong></span> <span class='ocrx_word' id='word_1_232' title='bbox 300 2035 418 2069; x_wconf 88' lang='lat' dir='ltr'><strong>would</strong></span> <span class='ocrx_word' id='word_1_233' title='bbox 447 2045 553 2068; x_wconf 87' lang='lat' dir='ltr'><strong>mean</strong></span> <span class='ocrx_word' id='word_1_234' title='bbox 581 2043 771 2072; x_wconf 83' lang='lat' dir='ltr'><strong>massacre,</strong></span> <span class='ocrx_word' id='word_1_235' title='bbox 799 2032 860 2066; x_wconf 86' lang='lat' dir='ltr'><strong>the</strong></span> <span class='ocrx_word' id='word_1_236' title='bbox 887 2033 1025 2075; x_wconf 86' lang='lat' dir='ltr'><strong>victory</strong></span> <span class='ocrx_word' id='word_1_237' title='bbox 1053 2030 1094 2065; x_wconf 82' lang='lat' dir='ltr'><strong>of</strong></span> <span class='ocrx_word' id='word_1_238' title='bbox 1119 2030 1251 2065; x_wconf 76' lang='lat' dir='ltr'><strong>Caesar</strong></span> <span class='ocrx_word' id='word_1_239' title='bbox 1278 2040 1340 2064; x_wconf 85' lang='lat' dir='ltr'><strong>en·-</strong></span> 
     </span>
     <span class='ocr_line' id='line_1_32' title="bbox 134 2082 1177 2114; baseline -0.006 0"><span class='ocrx_word' id='word_1_240' title='bbox 134 2091 152 2114; x_wconf 90' lang='lat' dir='ltr'><strong>s</strong></span> <span class='ocrx_word' id='word_1_241' title='bbox 166 2082 342 2113; x_wconf 87' lang='lat' dir='ltr'><strong>avement.</strong></span> <span class='ocrx_word' id='word_1_242' title='bbox 1174 2090 1177 2094; x_wconf 68' lang='lat'><strong><em>¹</em></strong></span> 
     </span>
    </p>
   </div>
   <div class='ocr_carea' id='block_1_6' title="bbox 137 2137 216 2171">
    <p class='ocr_par' dir='ltr' id='par_1_6' title="bbox 137 2137 216 2171">
     <span class='ocr_line' id='line_1_33' title="bbox 137 2137 216 2171; baseline -0.013 0"><span class='ocrx_word' id='word_1_243' title='bbox 137 2137 216 2171; x_wconf 81' lang='lat'><strong>314</strong></span> 
     </span>
    </p>
   </div>
  </div>
 </body>
</html>
