1442 2392
710 119 914 161 CICERO

208 227 379 264 meritus
397 238 503 272 sum,
521 238 642 277 posse
662 225 872 272 deberem,
895 230 944 264 tu
963 235 1128 277 quoque
1146 226 1181 264 is
1197 237 1326 271 esseS,
1332 224 1415 277 qui

207 300 336 347 fuisti,
358 315 451 340 cum
473 304 593 340 omni
605 302 735 354 gradu
758 299 1006 373 amplissimo
1029 301 1304 359 dignissimus,
1321 305 1416 365 tum

208 383 323 427 certe
337 378 488 416 ordinis
502 380 565 416 tui
577 377 698 417 facile
710 380 914 430 princeps.
967 377 1050 417 Sed
1063 380 1257 430 quoniam
1266 356 1416 427 eodem

209 459 396 505 tempore
413 454 642 506 eademque
657 454 710 493 de
723 468 848 492 causa
862 460 1048 493 nostrum
1062 459 1239 506 uterque
1253 453 1416 500 cecidit,

210 531 286 568 tibi
315 536 359 568 et
387 530 455 568 illa
483 530 689 582 polliceor,
718 544 826 582 quae
854 543 976 582 supra
1003 533 1158 582 scripsi,
1187 543 1293 582 quae
1321 535 1417 569 sunt

210 605 344 645 adhuc
374 620 481 653 mea,
513 612 557 645 et
587 620 651 653 ea,
681 620 788 658 quae
818 612 1038 658 praeterea
1066 606 1207 645 videor
1235 605 1336 645 mihi
1365 619 1418 645 ex

210 682 347 734 aliqua
365 688 485 734 parte
504 671 701 730 retinere,
718 689 932 735 tamquam
952 696 1003 722 ex
1022 669 1203 735 reliquiis
1220 685 1418 734 pristinae

211 759 439 811 dignitatis.
494 759 641 811 Neque
660 762 769 798 enim
786 762 874 811 ipse
893 759 1057 806 Caesar,
1074 765 1123 798 ut
1139 759 1279 797 multis
1296 759 1418 798 rebus
1433 791 1441 796 .

171 825 178 853 5
210 835 454 887 intellegere
473 838 604 887 potui,
625 841 690 874 est
712 836 868 874 alienus
893 849 918 874 a
940 835 1072 892 nobis,
1097 841 1141 874 et
1164 824 1307 874 omnes
1328 819 1418 895 fere

209 911 511 951 familiarissimi
541 915 641 958 eius,
663 926 760 951 casu
789 913 968 951 devincti
995 892 1156 964 magnis
1181 914 1283 951 meis
1304 895 1418 952 vete-

209 989 320 1026 ribus
358 985 517 1034 officiis,
547 1002 615 1027 me
658 989 879 1040 diligenter
921 983 1141 1027 observant
1174 993 1253 1044 et
1265 987 1417 1040 colunt.

213 1065 362 1116 Itaque
384 1067 417 1102 si
438 1067 508 1116 qui
528 1064 628 1103 mihi
650 1067 729 1103 erit
750 1065 886 1103 aditus
907 1064 959 1103 de
980 1066 1062 1103 tuis
1082 1052 1270 1113 fortunis,
1287 1051 1334 1103 id
1349 1050 1418 1103 'es't

210 1141 264 1180 de
282 1147 356 1179 tua
373 1141 699 1188 incolumitate,
687 1155 730 1179 ιιι
747 1154 829 1192 qua
846 1146 943 1179 sunt
959 1143 1110 1187 omnia,
1127 1122 1310 1193 agendi,
1308 1140 1418 1192 quod

211 1217 378 1269 quidem
394 1217 579 1269 quotidie
595 1219 726 1269 magis
744 1230 795 1255 ex
813 1230 954 1255 eorum
969 1216 1223 1278 sermonibus
1239 1212 1418 1278 αάἀιιῠὸι

171 1299 192 1332 3
211 1299 258 1332 ut
272 1307 448 1345 sperem,
463 1307 585 1345 agam
599 1307 674 1345 per
688 1307 755 1332 me
770 1296 858 1345 ipse
875 1299 918 1332 et
931 1293 1087 1332 moliar.
1132 1275 1309 1344 Singula
1325 1279 1418 1345 per-

210 1373 326 1422 sequi
345 1383 427 1408 non
447 1376 512 1408 est
530 1383 712 1409 necesse.
757 1370 1004 1408 Universum
1019 1369 1201 1408 studium
1215 1382 1354 1408 meum
1373 1374 1418 1424 et

207 1437 541 1486 *benevolentiam
553 1446 607 1486 ad
619 1452 662 1485 te
675 1446 831 1486 defero.
885 1446 967 1485 Sed
981 1448 1135 1498 magni
1133 1434 1233 1502 mea
1243 1433 1417 1496 interest

209 1523 286 1563 hoc
306 1529 400 1562 tuos
415 1537 563 1562 omnes
587 1526 702 1569 scire,
723 1523 835 1575 quod
861 1525 943 1561 tuis
971 1522 1119 1561 litteris
1148 1522 1253 1561 fieri
1261 1527 1416 1574 potest,

210 1605 258 1639 ut
271 1599 530 1652 intellegant,
539 1602 675 1638 omnia
688 1599 892 1638 Ciceronis
905 1605 1050 1651 patere
1063 1598 1278 1638 Trebiano.
1327 1591 1416 1653 Hoc

209 1690 259 1716 eo
273 1679 470 1728 pertinet,
485 1682 532 1714 ut
546 1676 645 1714 nihil
660 1679 899 1715 existiment
913 1689 1003 1714 esse
1018 1681 1106 1714 tam
1115 1675 1292 1722 difficile,
1306 1659 1414 1728 quod

210 1767 291 1791 non
309 1766 382 1804 pro
402 1758 445 1791 te
463 1752 565 1790 mihi·
581 1758 818 1803 susceptum
837 1751 1059 1790 iucundum
1077 1753 1130 1789 sit
1146 1750 1355 1791 futurum.·
1379 1768 1382 1775 ⁴
1399 1769 1402 1772 ’

603 1870 620 1887 ⁰
642 1865 711 1904 i.e.,
727 1865 788 1898 the
805 1866 1019 1908 equestrian.

209 2079 289 2116 '480
