1442 2392
663 140 868 182 CICERO
910 166 914 170 Α

157 248 202 281 et
220 243 495 284 denuntiante
512 250 571 284 te.
625 245 716 285 Etsi
735 250 845 285 enim
864 247 976 286 abfui
994 262 1188 301 magnam
1205 256 1368 302 partem

155 323 389 362 consulatus
414 327 490 370 tui,
514 330 658 363 tamen
683 331 728 364 et
752 327 899 366 absens
924 330 1236 380 cognoscebam,
1261 343 1368 382 quae

155 408 266 441 esset
296 408 370 441 tua
399 406 443 441 in
474 403 550 442 hoc
580 404 778 455 pestifero
814 406 922 445 bello
953 408 1136 447 cavendo
1172 414 1223 447 et.
1251 422 1368 460 prae-

154 481 328 520 dicendo
356 486 579 530 sententia,
609 490 653 523 et
685 487 773 535 ipse
803 485 915 524 adfui
943 489 1083 538 primis
1112 489 1366 540 temporibus

154 564 215 599 tui
236 561 485 608 consulatus,
505 577 598 601 cum
619 567 921 604 accuratissime
941 569 1136 606 monuisti
1160 545 1366 614 senatum,

153 640 332 679 collectis
355 642 543 680 omnibus
566 642 682 681 bellis
706 643 902 690 civilibus,
925 651 974 684 ut
997 650 1041 684 et
1063 645 1132 684 illa
1154 648 1366 697 timerent,

153 732 259 771 quae
288 723 585 768 meminissent,
609 728 654 760 et
676 726 841 770 scirent,
865 737 958 762 cum
987 727 1231 776 superiores,
1253 725 1365 766 nullo

152 798 225 836 tali
243 799 433 850 exemplo
451 806 575 839 antea
592 804 634 839 in
650 802 860 852 republica
877 806 1056 855 cognito,
1074 810 1162 842 tam
1178 804 1364 843 crudeles

151 876 340 924 fuissent,
357 882 604 931 quicumque
621 887 767 931 postea
783 882 1078 932 rempublicam
1095 886 1364 934 oppressisset

152 959 288 1002 armis,
316 957 447 996 multo
475 958 837 998 intolerabiliorem
865 959 1064 1000 futurum.
1119 961 1225 1000 Nam
1253 962 1364 1014 quod

152 1035 342 1086 exemplo
365 1036 426 1083 fit,
447 1037 491 1075 id
513 1040 639 1076 etiam
661 1041 749 1077 iure
773 1039 860 1077 fieri
882 1045 1034 1091 putant
1052 1052 1062 1085 ;
1099 1040 1174 1079 sed
1195 1040 1363 1092 aliquid,

152 1119 279 1165 atque
300 1115 404 1153 adeo
422 1115 567 1162 multa,
583 1117 743 1156 addunt
758 1123 802 1156 et
821 1117 998 1157 afferunt
1012 1119 1064 1157 de
1084 1132 1171 1158 suo.
1225 1119 1363 1167 Quare

152 1195 386 1232 meminisse
409 1195 550 1241 debes,
574 1208 657 1242 eos,
680 1199 750 1248 qui
772 1200 1064 1236 auctoritatem
1087 1203 1131 1236 et
1152 1198 1363 1237 consilium

151 1277 271 1310 tuum
291 1286 373 1311 non
391 1276 474 1312 sint
493 1277 638 1320 secuti,
658 1288 732 1313 sua
751 1275 929 1314 stultitia
948 1276 1156 1323 occidisse,
1176 1290 1270 1317 cum
1289 1283 1363 1316 tua

152 1351 373 1402 prudentia
395 1352 494 1390 salvi
519 1366 608 1392 esse
635 1357 882 1404 potuissent.
936 1354 1088 1394 Dices:
1120 1360 1145 1379 “
1160 1355 1270 1403 Quid
1294 1367 1362 1394 me

151 1432 232 1469 ista
244 1444 309 1469 res
323 1432 556 1471 consolatur
568 1435 610 1471 in
625 1436 752 1472 tantis
766 1435 948 1473 tenebris
964 1440 1008 1473 et
1021 1437 1136 1486 quasi
1151 1437 1362 1486 parietinis

151 1510 400 1560 reipublicae
415 1511 430 1549 ?
445 1510 469 1524 ”
524 1512 600 1550 Est
633 1515 798 1551 omnino
831 1516 898 1551 vix
930 1513 1186 1556 consolabilis
1223 1513 1361 1559 dolor3

152 1594 272 1627 tanta
302 1595 366 1628 est
394 1593 576 1629 omnium
605 1604 742 1629 rerum
771 1595 933 1631 amissio
963 1598 1008 1631 et
1036 1592 1271 1644 desperatio
1298 1605 1361 1631 re-

152 1669 389 1719 cuperandi.
431 1668 514 1708 Sed
525 1676 667 1708 tamen
681 1676 725 1709 et
737 1671 888 1709 Caesar
899 1674 986 1722 ipse
999 1674 1060 1710 ita
1071 1671 1123 1710 de
1136 1677 1180 1710 te
1191 1671 1360 1717 iudicat,

153 1752 197 1785 et
223 1761 364 1786 omnes
391 1750 498 1786 cives
525 1751 581 1787 sic
608 1751 862 1796 existimant,
888 1752 1005 1801 quasi
1029 1750 1168 1789 lumen
1195 1749 1360 1802 aliquod

152 1829 365 1865 exstinctis
388 1830 536 1866 ceteris
560 1828 720 1867 elucere
743 1832 1008 1868 sanctitatem
1032 1834 1077 1868 et
1097 1829 1358 1881 prudentiam

151 1910 196 1943 et
210 1904 457 1956 dignitatem
471 1912 601 1945 tuam.
655 1907 771 1945 Haec
785 1907 861 1946 tibi
876 1908 928 1945 ad
941 1907 1136 1946 levandas
1150 1907 1358 1947 molestias

149 1996 301 2034 magna
322 1997 411 2023 esse
432 1985 603 2024 debent.
656 1985 777 2033 Quod
799 1991 940 2025 autem
962 1999 987 2024 a
1007 1988 1089 2025 tuis
1111 1987 1225 2033 abes,
1246 1987 1287 2025 id
1309 2000 1359 2026 eo

155 2084 234 2124 256
