1442 2392
671 151 875 192 CICERO

168 252 362 290 manendi
392 266 557 292 eausam
588 268 680 294 eam
710 255 850 303 fuisse,
881 262 929 296 ut
957 271 1024 297 me
1055 261 1307 306 convenires,
1334 260 1376 300 id

168 321 282 369 mihi,
300 336 353 361 ne
371 326 563 371 mentiar,
583 331 648 364 est
665 332 845 378 gratum.

756 468 794 507 V

439 573 487 602 Μ.
513 575 552 602 Τ.
580 577 615 602 C.
642 577 675 603 S.
704 577 744 603 D.
771 578 890 604 APPIO
918 580 1103 606 PULCHRO

565 658 755 698 Trallibus,
774 671 881 693 A.U.C.
900 663 979 695 703.

216 742 371 781 Tralles
398 747 491 782 veni
519 758 556 782 a.
584 745 625 783 d.
652 758 708 784 vl.
738 746 914 785 Kalend.
941 747 1132 787 Sextiles.
1187 749 1250 788 Ibi
1276 750 1375 790 mihi

164 819 331 864 praesto
365 813 445 852 fuit
480 814 528 853 L.
564 815 742 855 Lucilius
777 831 870 855 cum
903 817 1052 857 litteris
1086 820 1374 874 mandatisque

165 886 247 922 tuis
266 897 275 922 :
307 897 388 935 quo
405 885 573 936 quidem
590 885 754 925 homine
771 890 980 926 neminem
996 892 1168 940 potuisti
1185 904 1261 929 nec
1277 891 1376 930 mihi

165 956 413 1001 amiciorem,
430 968 507 994 nec
525 956 589 1008 (ut
606 957 797 1009 arbitror)
816 958 868 996 ad
886 971 937 996 ea
953 960 1251 1011 cognoscenda,
1269 975 1376 1013 quae

164 1027 266 1063 scire
307 1025 509 1072 volebam,
550 1030 752 1078 aptiorem
791 1029 1153 1079 prudentioremve
1192 1034 1375 1072 mittere.

164 1095 254 1147 Ego
285 1102 427 1134 autem
458 1103 502 1135 et
532 1103 625 1136 tuas
655 1098 815 1137 litteras
844 1099 927 1151 legi
956 1099 1135 1139 libenter
1165 1107 1210 1140 et
1239 1102 1375 1156 audivi

165 1166 366 1205 Lucilium
385 1167 619 1219 diligenter.
673 1169 712 1206 Ν
714 1183 806 1216 unc,
826 1173 1019 1221 quoniam
1040 1177 1084 1210 et
1102 1177 1150 1210 tu
1167 1175 1229 1211 ita
1246 1176 1374 1213 sentis

164 1237 319 1289 (scribis
341 1241 465 1284 enim,
486 1252 593 1290 quae
614 1239 666 1277 de
687 1243 836 1279 nostris
856 1241 993 1279 officiis
1015 1255 1093 1293 ego
1114 1243 1167 1281 ad
1186 1249 1231 1282 te
1251 1247 1374 1296 scrip-

162 1310 298 1354 serim,
324 1311 402 1347 etsi
426 1309 503 1347 tibi
526 1310 705 1348 iucunda
728 1309 897 1358 fuerint,
921 1317 1078 1359 tamen,
1103 1316 1296 1365 quoniam
1319 1328 1372 1354 ex

163 1379 247 1417 alto
268 1382 450 1430 repetita
471 1383 567 1426 sint,
590 1394 672 1419 non
693 1385 923 1420 necessaria
944 1388 988 1421 te
1010 1384 1196 1437 putasse)
1215 1397 1225 1430 ;
1262 1391 1307 1424 et
1326 1399 1372 1426 re

164 1463 272 1496 vera,
311 1450 552 1489 confirmata
591 1454 771 1490 amicitia
810 1459 854 1491 et
891 1459 1110 1504 perspecta
1139 1455 1234 1501 fide,
1263 1469 1372 1496 com-

161 1523 404 1559 memoratio
419 1522 640 1560 officiorum
656 1536 960 1574 supervacanea
977 1530 1041 1563 est
1059 1537 1069 1570 ;
1101 1538 1194 1564 eam
1207 1532 1371 1577 partem

160 1594 354 1629 orationis
369 1595 702 1642 praetermittam
719 1606 730 1640 ;
760 1594 836 1632 tibi
852 1600 994 1632 tamen
1010 1608 1145 1646 agam,
1160 1602 1209 1636 ut
1223 1596 1371 1645 debeo,

159 1665 328 1713 gratias.
381 1662 667 1702 Animadverti
689 1667 799 1702 enim
821 1670 865 1703 et
886 1665 1008 1703 didici
1031 1678 1083 1704 ex
1104 1669 1186 1705 tuis
1207 1666 1370 1715 litteris,

160 1738 204 1771 te
225 1734 413 1771 omnibus
433 1735 476 1771 in
495 1734 618 1772 rebus
640 1734 830 1773 habuisse
850 1738 1067 1782 rationem,
1089 1742 1137 1775 ut
1156 1737 1256 1775 mihi
1276 1751 1371 1777 con-

159 1803 313 1842 suleres
329 1807 707 1856 praestitueresque
725 1811 769 1844 et
784 1819 1051 1857 praeparares
1067 1807 1370 1858 quodammodo

159 1877 310 1920 omnia,
331 1887 412 1926 quo
433 1888 528 1913 mea
547 1878 652 1914 ratio
673 1875 828 1914 facilior
849 1882 894 1915 et
914 1876 1083 1915 solutior
1104 1890 1193 1916 esse
1213 1884 1369 1929 posset.

111 1949 133 1981 2
162 1944 250 1982 Hoc
267 1951 386 1983 tuum
403 1941 577 1984 officiu'm
594 1959 687 1984 eum
705 1946 803 1984 mihi
819 1950 1097 1997 gratissimum
1115 1960 1204 1986 esse
1221 1948 1370 1996 dicam,

221 2099 245 2139 6
469 2061 484 2077 ⁰
509 2057 566 2090 An
585 2059 779 2100 important
796 2059 869 2100 city
886 2060 922 2091 in
941 2058 1069 2101 Lydia.

172 2105 219 2140 17

1428 2037 1442 2392 Qss——nffln-
1436 1998 1442 2031 -.,.
