1442 2392
709 144 913 185 CICERO
962 147 964 149 ’

208 247 403 286 acciderit
420 260 430 294 ;
467 262 564 287 nam
587 250 697 301 quod
718 251 927 301 praeclare
947 250 1086 291 faeere
1107 251 1415 305 non'pb‘teramss

206 304 383 352 primum
406 309 509 349 erat,
529 317 612 342 non
634 307 869 356 attingere3
906 306 1132 345 seeundum
1152 307 1411 356 beneficium,

207 368 332 406 quam
366 360 600 408 parcissime
630 357 781 399 facere.
835 359 917 398 Sed
951 365 1094 399 tamen
1131 373 1208 414 ego
1244 360 1414 418 quidem*

207 423 273 448 me
293 413 480 450 sustinui.
536 412 673 450 Multa
699 416 840 459 minui,
860 414 991 452 multa
1018 415 1181 462 sustuli,
1202 417 1411 470 complura

207 477 259 502 ne
285 468 402 515 posui
427 466 608 516 quidem.
665 467 1024 515 Quemadmodum
1048 472 1188 521 igitur,
1204 471 1413 512 scalarum

205 519 355 569 gradus
385 522 418 557 si
446 520 545 558 alios
573 521 707 567 tollas,
736 522 835 561 alios
863 523 1032 569 incidas,
1059 524 1274 564 nonnullos
1287 523 1409 566 ⁴male

205 571 424 612 haerentes
457 574 677 627 relinquas,
710 579 853 615 ruinae
885 578 1112 628 periculum
1145 584 1293 627 struas,
1326 592 1409 620 non

204 639 419 666 ascensum
454 642 589 680 pares,
625 633 681 668 sic
717 636 783 669 tot
817 631 934 670 malis
970 645 1064 670 cum
1099 635 1282 672 vinetum
1316 640 1408 674 tum

202 679 379 720 fractum
420 683 602 722 studium
648 685 851 724 scribendi
891 686 992 738 quid
1032 686 1202 739 dignum
1231 688 1407 729 auribus

163 741 185 771 4
204 741 276 773 aut
304 737 527 787 probabile,
542 743 684 789 potest
712 738 891 778 afferre?
944 739 1049 779 Cum
1076 754 1174 780 vero
1201 742 1255 782 ad
1281 742 1407 796 ipsius

202 789 385 829 Caesaris
410 805 560 830 nomen
582 795 690 839 veni,
713 799 804 832 toto
827 791 995 845 corpore
1017 799 1300 844 contremisco,
1323 795 1407 837 noh

200 856 359 895 poenae
374 851 504 892 metu,
521 846 594 885 sed
608 847 713 885 illius
729 848 852 886 iudici
868 861 878 894 ;
908 854 1047 888 totum
1061 852 1172 889 enim
1185 850 1408 892 Caesarem

200 911 282 936 non
316 902 422 938 novi.
477 900 612 948 Quem
646 907 768 952 putas
804 905 986 941 animum
1010 915 1126 950 esse,
1160 905 1231 943 ubi
1265 916 1408 949 seeum

199 951 379 1004 loquitur
396 954 411 991 ?
466 960 490 977 “
507 955 595 993 Hoc
609 957 802 1006 probabit
819 970 829 995 z
862 956 939 996 hoe
953 958 1124 997 verbum
1138 960 1405 1011 suspiciosum

199 1013 277 1046 est.
345 1007 469 1056 Quid,
487 1011 521 1047 si
547 1009 624 1048 hoc
651 1016 768 1049 muto
786 1011 801 1049 ?
856 1012 915 1050 At
938 1025 1095 1058 vereor,
1112 1026 1169 1052 ne
1192 1016 1310 1065 peius
1333 1015 1400 1055 sit.

196 1061 342 1113 -Age
364 1076 475 1109 vero,
503 1063 625 1102 laudo
661 1065 853 1116 aliquem.
906 1066 1017 1104 Num
1049 1066 1244 1107 offendo?
1297 1064 1403 1109 Cu‘m‘

196 1128 315 1166 porro
365 1117 642 1167 reprendam,1
689 1119 789 1170 quid
834 1122 868 1158 si
917 1134 999 1159 non
1037 1119 1168 1160 vult?
1239 1122 1402 1163 Armati

196 1170 335 1208 stilum
361 1175 649 1223 persequitur:
690 1176 787 1212 victi
815 1179 860 1212 et
885 1175 1067 1213 nondum
1092 1178 1276 1215 restituti
1301 1178 1400 1230 quid

194 1222 320 1262 faciet
338 1225 352 1263 ?
372 1224 393 1238 ”
455 1227 596 1278 Auges
635 1230 762 1265 etiam
791 1233 838 1266 tu
876 1228 976 1268 mihi
1008 1232 1212 1277 timorem,
1250 1233 1321 1283 qui
1348 1231 1398 1271 'i'n

195 1277 354 1317 Oratore
367 1285 439 1318 tuo
454 1294 572 1319 caves
587 1282 662 1319 tibi
676 1294 751 1332 per
764 1282 952 1329 Brutum,
967 1289 1011 1322 et
1025 1284 1078 1323 ad
1092 1288 1398 1325 excusationem

194 1335 347 1371 socium
382 1337 557 1385 quaeris.
583 1361 585 1363 ·
612 1336 695 1374 Ubi
729 1336 805 1375 hoc
837 1339 1021 1376 omnium
1054 1345 1253 1390 patronus
1283 1339 1400 1387 facis,

193 1387 292 1437 quid
326 1401 407 1434 me,
443 1395 628 1428 veterem
662 1396 795 1437 tuum,
830 1403 938 1430 nunc
973 1395 1156 1432 omnium
1189 1393 1398 1441 clientem,

510 1484 523 1504 ¹
553 1484 774 1528 Wesenbery:
798 1486 981 1520 offendam
998 1497 1080 1522 uss.

243 1607 260 1624 ⁰
283 1603 325 1636 In
356 1600 419 1637 the
449 1604 563 1638 above
591 1615 745 1647 passage
775 1605 933 1640 Caecina
961 1607 1166 1650 apologizes
1190 1609 1391 1644 *somewhat

196 1645 417 1690 awkwardly
448 1648 505 1682 for
536 1648 591 1682 his
623 1649 783 1692 timidity
815 1651 851 1683 in
882 1652 1044 1693 praising
1074 1651 1211 1686 Cicero.
1233 1674 1237 1678 ·
1261 1653 1391 1695 “Both

196 1691 369 1724 invective
393 1691 465 1724 and
489 1691 689 1734 sels-praise
702 1692 722 1706 ”
747 1692 792 1726 he
813 1703 943 1735 argues
967 1697 1063 1728 “are
1081 1694 1219 1738 subject
1239 1699 1278 1730 to
1300 1696 1391 1731 their

195 1736 387 1775 respective
417 1734 648 1774 limitation33
688 1738 752 1769 not
781 1746 822 1770 so
852 1737 937 1770 with
968 1737 1111 1815 eulogg,
1137 1739 1265 1774 which,
1280 1741 1308 1774 is
1334 1737 1390 1783 (or

193 1777 308 1818 ought
334 1781 371 1811 to
395 1778 456 1821 be)
479 1778 552 1812 free
579 1779 652 1813 and
676 1779 963 1814 untrammelled.
1013 1781 1073 1814 An
1122 1785 1182 1825 yet
1206 1782 1235 1823 1,
1260 1784 1295 1816 in
1322 1787 1389 1831 'my

193 1820 326 1863 eulogy
350 1821 391 1854 of
410 1833 495 1864 you,
521 1822 592 1855 had
609 1826 672 1856 not
688 1833 711 1856 a
725 1823 798 1856 free
816 1823 934 1861 hand:
959 1824 1031 1857 and
1049 1825 1158 1867 being
1173 1827 1317 1866 unable,
1332 1824 1389 1860 for

192 1863 269 1897 sear
281 1865 322 1897 of
335 1865 523 1907 offending
535 1866 680 1905 Caesar,
690 1869 729 1899 to
745 1869 812 1900 rise
835 1871 873 1900 to
896 1868 957 1901 the
981 1868 1106 1910 height
1125 1869 1166 1902 of
1178 1880 1241 1913 my
1256 1870 1386 1911 theme,

194 1904 209 1940 Ι
226 1907 304 1940 said
318 1919 357 1942 as
371 1908 460 1942 little
473 1909 583 1943 about
595 1920 668 1952 you
680 1920 718 1943 as
731 1910 924 1952 possible.’'
1382 1936 1385 1937 ν

232 1951 245 1972 ¹·
270 1951 392 1985 Cicero
423 1954 458 1985 in
490 1952 544 1986 his
577 1952 707 1986 Orator
741 1957 849 1987 states
885 1954 963 1987 that
999 1955 1053 1988 his
1088 1955 1185 1990 Lam
1225 1956 1384 1998 Catonis,

186 1994 364 2038 “Eulogy
388 1995 429 2028 of
451 1995 579 2036 Cato‚'’
603 2007 676 2030 was
700 1998 836 2031 written
861 2001 899 2031 at
921 1998 1164 2033 theinstance
1180 1999 1221 2034 of
1237 2000 1385 2035 Brutus.'

186 2037 279 2071 Both
298 2049 388 2072 were
404 2041 544 2072 written
562 2041 597 2072 in
613 2042 658 2073 46
675 2050 741 2074 mc.
1003 2060 1005 2062 ·
1329 2056 1332 2059 ·

181 2096 259 2138 468
