1442 2392
676 141 881 181 CICERO

169 260 310 286 eorum
365 246 693 285 aedificationem
747 246 896 285 litteris
949 248 1051 284 meis
1102 246 1380 298 impedissem.

167 319 327 359 Eadem
343 326 485 358 autem
502 319 679 371 epistula
694 320 883 370 petebas,
898 324 947 358 ut
962 332 1032 358 eos
1048 332 1173 371 quam
1188 321 1379 371 primum,

167 407 219 432 ne
247 397 289 432 in
317 393 497 432 hiemem
516 394 760 440 inciderent,
789 393 842 432 ad
868 392 1112 432 facultatem
1136 380 1378 432 aedificandi

167 467 414 513 liberarem3
456 473 501 506 et
529 467 649 506 simul
675 473 873 518 peracute
901 467 1144 518 querebare,
1171 467 1284 519 quod
1309 479 1380 506 eos

165 542 323 579 tributa
346 543 513 592 exigere
538 546 723 579 vetarem
746 543 872 592 prius,
896 554 1021 592 quam
1045 554 1123 592 ego
1145 554 1190 579 re
1213 542 1380 592 cognita

165 617 440 664 permisissem
459 626 468 659 ;
494 627 625 665 genus
638 617 747 652 enim
760 614 967 665 quoddam
977 613 1103 653 fuisse
1114 613 1379 665 impediendi,

165 701 258 725 cum
276 700 354 738 ego
371 700 616 738 cognoscere
634 701 716 725 non
732 701 910 738 possem,
927 690 1003 726 nisi
1019 701 1113 726 cum
1131 687 1184 726 ad
1199 686 1378 726 hiemem

165 774 231 798 me
256 774 307 797 ex
331 760 471 798 Cilicia
493 763 754 811 recepissem.
821 760 889 799 Ad
917 763 1054 799 omnia
1080 763 1218 812 accipe
1242 748 1380 799 et'co-

164 847 315 885 gnosce
345 836 601 884 aequitatem
632 833 972 884 expostulationis
1001 840 1114 872 tuae.
1182 833 1379 879 Primum,

165 920 257 945 cum
280 906 333 944 ad
353 920 420 944 me
442 906 601 945 aditum
623 912 734 945 esset
755 907 807 945 ab
827 909 890 953 iis,
912 910 981 958 qui
1003 907 1234 946 dicerent-a
1253 919 1298 946 se
1317 908 1379 945 in-

164 979 394 1018 tolerabilia
421 980 579 1018 tributa
606 982 730 1031 exigi,
758 980 857 1031 quid
883 980 1030 1019 habuit
1055 983 1284 1032 iniquitatis
1310 993 1379 1020 me

164 1054 355 1098 scribere,
374 1066 427 1091 ne
445 1052 633 1091 facerent
651 1059 764 1099 ante,
784 1067 907 1104 quam
928 1066 1006 1106 ego
1023 1066 1112 1092 rem
1130 1066 1378 1105 causamque

163 1139 404 1178 cognossem
422 1127 438 1163 ?
493 1126 586 1164 Non
603 1132 807 1177 poteram,
822 1126 959 1172 credo,
975 1132 1072 1165 ante
1087 1126 1267 1165 hiemem
1285 1139 1295 1173 ;
1322 1129 1380 1166 sic

166 1202 275 1237 enim
302 1200 455 1238 scribis.
510 1198 638 1247 Quasi
664 1213 760 1238 vero
787 1200 840 1238 ad
865 1200 1195 1252 cognoscendum
1221 1213 1300 1252 ego
1326 1199 1379 1239 ad

165 1272 266 1318 illos,
290 1286 373 1310 non
396 1272 453 1310 illi
478 1272 531 1310 ad
553 1285 620 1310 me
645 1276 784 1310 venire
809 1273 1043 1312 debuerint.
1095 1273 1198 1312 Tam
1221 1273 1377 1325 longe?

164 1348 312 1396 inquis.
367 1345 510 1392 Quid?
565 1359 658 1384 cum
698 1346 825 1384 dabas
864 1349 911 1384 iis
950 1346 1125 1392 litteras,
1163 1359 1239 1398 per
1276 1360 1378 1398 quas

166 1431 328 1456 mecum
353 1419 520 1469 agebas,
545 1432 597 1456 ne
628 1432 696 1457 eos
725 1419 983 1470 impedirem,
1008 1433 1089 1471 quo
1117 1422 1251 1458 minus
1280 1425 1378 1458 ante

165 1492 343 1530 hiemem
362 1492 642 1538 aedificarent,
658 1506 741 1530 non
758 1506 827 1531 eos
844 1493 897 1531 ad
913 1506 980 1531 me
997 1499 1191 1532 venturos
1208 1494 1379 1532 arbitra-

165 1566 263 1604 bare
282 1566 297 1603 ?
351 1565 534 1604 Tametsi
557 1565 600 1604 id
624 1566 791 1617 quidem
816 1565 1004 1605 fecerunt
1027 1566 1210 1606 ridicule.
1265 1566 1377 1615 Quas

150 1683 152 1685 ¹
166 1641 275 1677 enim
287 1638 447 1677 litteras
460 1637 702 1685 afferebant,
710 1645 757 1677 ut
769 1653 870 1690 opus
879 1645 1040 1678 aestate
1047 1639 1183 1679 facere
1195 1646 1377 1691 possent,

166 1725 236 1750 eas
265 1711 365 1749 mihi
394 1717 489 1762 post
518 1712 707 1750 brumam
735 1712 1019 1751 reddiderunt.
1083 1712 1166 1751 Sed
1191 1715 1308 1759 seito,
1333 1719 1379 1753 et

165 1785 296 1823 multo
314 1785 451 1836 plures
472 1798 575 1831 esse,
595 1788 665 1837 qui
684 1785 736 1823 de
755 1786 920 1824 tributis
939 1792 1145 1833 recusent,
1164 1799 1288 1838 quam
1307 1789 1378 1839 qui

167 1861 277 1909 exigi
296 1858 425 1896 velint
442 1871 452 1903 ;
486 1864 531 1897 et
549 1871 616 1896 me
636 1864 792 1905 tamen,
812 1859 922 1910 quod
942 1865 985 1898 te
1005 1859 1110 1898 velle
1130 1862 1378 1906 existimem,

248 2007 264 2024 ‘²
287 2003 319 2035 A
339 2003 429 2036 local
446 2006 508 2036 tax
525 2014 565 2036 or
583 2006 658 2067 gate
675 2003 934 2081 totldefssaylghe
952 2007 1028 2038 eost
1045 2003 1086 2038 of
1100 2003 1294 2047 buildings.

625 2057 695 2086 ue..
753 2058 772 2080 e
815 2058 852 2080 ui
892 2058 959 2081 ers.

178 2102 254 2142 190
