1442 2392
692 124 893 164 CICERO

189 230 283 279 Qua
300 233 343 268 in
361 244 406 269 re
425 231 502 269 tibi
520 230 703 282 gratulor
721 233 781 268 ita
799 229 1082 275 vehementer,
1100 234 1150 269 ut
1166 234 1212 273 te
1230 240 1402 280 quoque

189 302 289 339 mihi
311 301 522 353 gratulari,
546 315 670 352 quam
692 303 846 353 gratias
869 284 994 352 agere
1015 300 1156 338 malim
1172 311 1195 345 ;4
1217 299 1401 348 alterum

191 375 355 411 omnino
385 386 467 411 non
497 372 700 418 desidero,
730 372 907 410 alterum
937 384 1033 409 vere
1061 359 1199 409 facere
1227 366 1398 422 poteris.

151 449 172 480 2
191 444 314 492 Quod
330 443 534 494 reliquum
551 449 629 489 est,
647 443 811 494 quando
829 443 906 481 tibi
922 445 1050 480 virtus
1069 447 1113 480 et
1129 432 1309 494 dignitas
1325 446 1400 481 tua

161 1647 176 1680 1

191 515 372 553 reditum
388 515 441 553 ad
455 520 549 552 tuos
565 516 741 565 aperuit,
758 519 822 552 est
837 519 936 552 tuae
951 515 1180 564 sapientiae
1195 514 1400 569 magnitu-

192 586 380 637 dinisque
411 587 550 631 animi,
581 585 680 637 quid
709 587 905 631 amiseris,
936 584 1131 630 oblivisci,
1159 583 1260 636 quid
1286 595 1402 625 recu:

193 659 362 707 peraris,
391 659 587 708 cogitare.
641 656 763 694 Vives
791 669 885 694 cum
913 657 1010 701 tuis,
1037 657 1148 694 vives
1176 646 1401 693 nobiscum.

195 727 290 765 Plus
305 730 513 779 acquisisti
527 727 756 779 dignitatis,
770 740 895 779 quam
908 728 1079 764 amisisti
1092 727 1153 763 rei
1165 724 1402 773 familiaris-3

195 811 302 849 quae
335 801 424 850 ipsa
457 797 616 836 tamenl
645 803 755 836 esset
780 797 1006 843 iucundior,
1033 799 1066 834 si
1092 796 1175 834 ulla
1200 809 1266 834 res
1293 799 1404 834 esset

194 869 371 920 publiea.
425 869 651 914 Vestorius,
670 874 810 907 noster
828 867 1052 914 familiaris,
1071 867 1126 906 ad
1143 879 1210 906 me
1229 867 1404 918 scripsit,

196 945 241 978 te
253 940 353 978 mihi
367 942 565 978 maximas
579 942 732 991 gratias
746 952 884 990 agere.
939 939 1054 976 Haec
1066 937 1319 990 praedicatio
1330 941 1405 975 tua

197 1011 296 1049 mihi
317 1010 436 1049 valde
458 1016 578 1062 grata
600 1016 677 1056 est,
700 1023 832 1061 eaque
853 1015 898 1048 te
919 1012 981 1047 uti
1000 1008 1121 1047 facile
1141 1010 1290 1060 patior,
1311 1002 1404 1046 cum

198 1082 308 1133 apud
334 1081 446 1127 alios,
475 1087 566 1119 tum
594 1080 828 1120 mehercule
858 1080 968 1131 apud
996 1079 1195 1126 Sironem,
1219 1083 1406 1126 nostrum

198 1155 387 1190 amicum.
442 1152 560 1200 Quae
582 1154 691 1190 enim
710 1151 896 1197 facimus,
917 1164 967 1189 ea
985 1150 1303 1202 prudentissimo
1323 1151 1406 1200 cui.-

198 1236 279 1275 que
299 1225 477 1260 maxime
495 1223 671 1274 probata
690 1235 779 1260 esse
798 1222 996 1260 volumus.
1050 1221 1110 1259 Te
1128 1223 1247 1272 cupio
1265 1219 1405 1258 videre

198 1307 322 1346 quam
341 1296 532 1345 primum.

761 1389 845 1428 XII

516 1489 564 1516 M.
591 1490 734 1515 CICERO
762 1489 795 1514 S.
823 1489 862 1514 Ρ.
889 1488 930 1514 D.
959 1487 1086 1513 AMPIO

617 1563 766 1602 Romae,
784 1573 891 1596 A.u.c.
909 1565 987 1595 708.

249 1642 442 1681 Gratulor
457 1643 547 1687 tibi,
562 1644 618 1679 mi
632 1641 774 1686 Balbe,
788 1653 968 1691 vereque
983 1639 1166 1691 gratulor
1183 1651 1193 1684 ;
1223 1652 1299 1677 nec
1313 1651 1404 1677 sum

195 1718 283 1752 tam
301 1713 465 1758 stultus,
483 1717 532 1750 ut
548 1717 592 1750 te
611 1725 734 1750 usura
749 1710 841 1749 falsi
858 1710 983 1762 gaudi
1000 1709 1080 1748 frui
1098 1709 1234 1755 velim,
1252 1708 1404 1748 deinde

484 1823 496 1842 ¹
521 1823 734 1856 Lambinus:
759 1825 839 1855 turn
858 1821 952 1855 MG:
978 1825 1054 1854 tam
1070 1820 1117 1854 R.

575 1945 590 1960 ⁰
615 1940 646 1973 A
665 1939 805 1973 banker
821 1939 861 1973 of
876 1938 1024 1973 Puteoli.

315 1985 328 2005 ⁸²
353 1985 412 2018 An
430 1985 631 2027 Epicurean
650 1983 889 2026 philosopher,
907 1983 987 2016 who
1003 1982 1132 2025 taught
1149 1981 1276 2024 Virgn.

593 2032 606 2049 ⁶
630 2027 698 2061 See
714 2030 798 2060 note
813 2037 861 2060 on
878 2028 900 2060 i.
918 2029 952 2060 3.
969 2028 1005 2060 2.

195 2080 275 2120 486
