1442 2392
102 656 140 688 11

671 165 875 206 CICERO

168 270 301 309 Huius
338 273 466 322 igitur
504 270 608 310 filius
647 285 741 310 cum
779 274 833 310 sit
870 284 1001 322 gener
1037 277 1148 318 tuus,
1186 276 1379 324 cumque,

167 330 334 375 praeter
356 325 460 363 hanc
482 327 812 364 coniunctionem
834 326 1057 372 affinitatis,
1079 339 1205 377 quam
1226 329 1280 366 sis
1298 326 1379 366 Cn.

169 378 365 430 Pompeio
393 393 510 418 carus
539 393 748 431 quamque
774 380 989 427 iucundus,
1017 380 1272 433 intellegam,
1297 394 1380 433 quo

169 433 339 473 tandem
370 437 506 472 animo
534 436 578 472 in
606 439 651 473 te
682 447 771 472 esse
802 434 969 473 debeo?
1013 448 1107 473 cum
1135 438 1379 486 praesertim

170 501 239 526 eas
266 488 318 526 ad
348 501 415 526 me
446 491 479 526 is
509 487 670 526 litteras
700 491 872 535 miserit,
903 489 1065 540 quibus,
1095 491 1258 528 etiamsi
1287 490 1379 536 tibi,

171 545 235 580 cui
267 556 357 580 sum
387 545 666 588 amicissimus,
694 542 822 581 hostis
850 556 997 589 essem,
1027 543 1220 594 placarer²
1238 549 1381 583 tamen

170 602 388 648 totumque
403 610 471 635 me
487 597 540 635 ad
555 600 642 635 eius
658 599 731 635 viri
745 600 807 636 ita
821 597 873 635 de
888 610 956 636 me
971 600 1109 636 meriti
1123 597 1380 637 voluntatem

170 657 402 702 nutumque
418 657 716 690 converterem.
769 650 852 690 Sed
867 651 970 690 haec
985 651 1199 691 hactenus.
1252 651 1380 691 Pluri-

171 706 246 743 bus
274 708 384 744 enim
412 708 538 744 etiam
564 705 739 744 fortasse
766 706 913 752 verbis,
940 719 1065 757 quam
1091 719 1269 745 necesse·
1285 705 1388 753 fain,

170 763 322 810 scripta
341 766 451 798 sunt.
505 759 624 798 Nunc
643 773 707 806 ea,
726 773 833 811 quae
854 774 878 798 a
896 774 964 798 me
983 759 1171 811 perfecta
1188 762 1382 814 quaeque

169 816 362 852 instituta
383 819 493 860 sunt,
515 827 742 866 cognosce:
773 827 792 848 *
826 828 844 849 *
879 827 897 848 *
928 815 1069 866 Atque
1096 814 1199 854 haec
1220 818 1381 867 agimus

171 874 215 906 et
243 882 413 920 agemus
439 871 571 920 magis
598 882 672 919 pro
699 868 919 919 dignitate,
947 882 1072 920 quam
1098 882 1172 920 pro
1198 869 1380 920 periculo

171 928 258 961 tuo.
311 923 369 961 Te
399 925 509 961 enim
538 923 603 975 (ut
629 922 766 974 spero)
798 922 1040 973 propediem
1069 936 1281 962 censorem
1308 937 1381 962 au·-

167 977 344 1023 diemus3
374 979 486 1015 cuius
510 979 776 1028 magistratus
795 977 939 1022 officia,
960 990 1067 1028 quae
1095 983 1193 1016 sunt
1210 980 1388 1016 maximi>

173 1033 296 1069 animi
311 1034 542 1082 summique
558 1031 712 1077 consili,
729 1032 804 1070 tibi
822 1031 1058 1082 diligentius
1076 1037 1120 1070 et
1137 1034 1380 1078 accuratius,

173 1098 298 1136 quam
323 1085 439 1132 haec,
460 1099 567 1138 quae
593 1099 666 1124 nos
693 1085 746 1124 de
772 1091 816 1124 te
843 1088 1016 1138 agimus,
1042 1086 1262 1138 cogitanda
1288 1098 1380 1125 esse

176 1153 339 1179 censeo.

734 1311 796 1349 XI

208 1417 257 1446 Μ.
282 1419 321 1445 Τ.
349 1420 384 1446 c.
411 1419 444 1446 s.
472 1420 512 1445 D.
539 1419 659 1445 APPIO
687 1419 872 1445 rumano
900 1406 971 1459 (UT
996 1407 1138 1459 spano)
1166 1419 1334 1446 cuNsom
1387 1437 1389 1441 .

428 1501 471 1534 In
488 1502 612 1535 castris
629 1500 676 1534 ad
694 1500 903 1543 Pyramum,
921 1512 1028 1534 A.u.c.
1047 1502 1126 1535 704.

225 1579 329 1617 Cum
341 1592 474 1617 essem
488 1581 530 1616 in
542 1581 684 1617 castris
698 1578 751 1617 ad
765 1578 932 1617 fluvium
945 1577 1180 1630 Pyramum,
1191 1578 1381 1617 redditae

172 1634 272 1671 mihi
294 1639 392 1672 sunt
412 1647 494 1671 uno
516 1639 703 1683 tempore
726 1646 751 1671 a
772 1638 816 1671 te
839 1633 1038 1683 epistolae
1060 1632 1182 1679 duae,
1204 1646 1306 1685 quas
1328 1632 1381 1671 ad

173 1701 240 1726 me
277 1687 328 1735 Q.
363 1687 554 1726 Servilius
589 1687 715 1725 Tarso
750 1690 932 1726 miserat.
985 1686 1138 1725 Earum
1171 1689 1215 1725 in
1251 1686 1382 1726 altera

173 1742 260 1780 dies
296 1748 387 1780 erat
422 1744 599 1792 ascripta
634 1741 843 1780 Nonarum
878 1741 1109 1792 Aprilium:
1157 1743 1201 1779 in
1223 1741 1381 1787 ualtera,

173 1809 280 1848 quae
307 1796 406 1834 mihi
433 1798 636 1835 recentior
662 1796 893 1842 videbatur,
921 1796 1008 1834 dies
1035 1809 1118 1834 non
1145 1801 1248 1834 erat.
1302 1794 1382 1834 Re·

224 1895 239 1911 ⁰
263 1891 372 1924 What
391 1891 529 1924 follows
550 1891 634 1924 here
654 1892 684 1924 is
705 1890 885 1933 supposed
906 1893 943 1923 to
965 1890 1056 1924 have
1076 1890 1167 1924 been
1188 1877 1379 1933 expunged

177 1934 298 1969 before
314 1934 413 1968 these
429 1934 547 1967 letters
564 1945 654 1967 were
671 1933 872 1976 published.
1354 1972 1358 1975 7

224 1978 237 1998 ¹²
262 1977 342 2011 One
364 1978 405 2011 of
424 1978 484 2011 the
504 1977 636 2019 largest
659 1979 766 2010 rivers
790 1976 831 2010 of
855 1977 942 2010 Asia
968 1976 1100 2015 Minor,
1115 1978 1237 2019 rising
1260 1977 1295 2009 in
1318 1975 1380 2010 the

175 2022 374 2055 south-east
385 2021 426 2055 of
438 2021 680 2064 Cappadocia,
693 2021 838 2063 flowing
850 2020 1007 2063 through
1022 2020 1158 2059 Cilicia,
1170 2019 1243 2053 and
1259 2019 1382 2054 reach-
1440 2022 1442 2025 ⁴

175 2066 238 2108 ing
254 2065 313 2098 the
328 2076 389 2099 sea
404 2076 489 2099 near
507 2065 652 2099 Mallus.

177 2120 259 2157 230
