1442 2392
676 128 880 168 CICERO

172 239 360 285 tempore
398 233 550 272 invidia
588 247 790 280 annonae,
829 236 981 273 inimici
1019 248 1102 273 non
1139 235 1266 275 solum
1305 237 1382 283 tui,

173 318 315 343 verum
359 307 485 343 etiam
530 307 752 343 amicorum
795 310 975 351 tuorum,
1018 308 1212 357 iniquitas
1255 309 1383 346 totius

171 376 308 422 iudici,
339 375 553 426 multaque
592 375 671 413 alia
708 375 957 426 reipublicae
994 379 1094 415 vitia
1130 376 1221 428 plus
1259 390 1383 429 quam

173 460 295 485 causa
322 449 411 496 ipsa
439 449 672 497 veritasque
702 446 938 492 valuissent,
968 445 1112 485 Publio
1143 452 1218 486 tuo
1246 431 1383 500 neque

172 530 298 567 opera
312 530 447 567 neque
463 516 628 555 consilio
643 530 780 568 neque
794 516 933 555 labore
948 530 1084 569 neque
1098 521 1234 570 gratia
1247 531 1383 570 neque

125 593 145 625 3
171 589 409 626 testimonio
428 586 555 626 defui.
609 586 902 634 Quamobrem,
922 589 1109 627 omnibus
1127 589 1266 628 officiis
1284 591 1384 629 ami-

172 660 294 696 citiae
328 657 548 708 diligenter
582 670 607 695 a
639 671 707 695 me
741 663 967 709 sancteque
1001 661 1187 705 servatis,
1219 672 1274 698 ne
1306 658 1384 699 hoo

172 728 339 780 quidem
362 728 782 778 praetermittendum
807 741 896 766 esse
921 728 1033 775 duxi,
1057 734 1102 768 te
1126 734 1175 768 ut
1197 729 1384 769 hortarer

170 811 456 850 rogaremque,
486 804 533 836 ut
566 804 610 836 et
638 797 846 837 hominem
875 804 919 837 te
949 805 993 838 et
1021 802 1152 839 virum
1180 812 1269 840 esse
1298 814 1383 840 me-

170 871 370 914 minisses,
389 868 433 907 id
461 874 538 914 est,
559 874 606 907 ut
631 882 891 907 communem
914 872 1200 922 incertumque
1228 883 1382 916 casum,

171 952 295 990 quem
314 952 450 990 neque
469 941 600 977 vitare
620 942 837 990 quisquam
856 946 1056 986 nostrum,
1074 954 1152 979 nec
1170 947 1382 992 praestare

170 1009 252 1048 ullo
267 1015 391 1061 pacto
407 1015 561 1061 potest,
579 1012 788 1060 sapienter
803 1009 932 1049 ferres
950 1017 994 1050 et
1011 1010 1139 1061 dolori
1155 1011 1320 1051 fortiter
1334 1007 1382 1052 ac

169 1079 361 1119 fortunae
379 1083 606 1127 resisteres,
621 1083 922 1132 cogitaresque,
938 1084 1040 1120 etin
1055 1087 1196 1122 nostra
1213 1085 1381 1124 civitate

170 1157 215 1190 et
235 1154 277 1189 in
299 1154 461 1197 ceteris,
484 1164 591 1202 quae
613 1165 749 1190 rerum
771 1155 931 1202 potitae
953 1158 1064 1196 sunt.
1085 1153 1226 1192 multis
1246 1152 1382 1193 fortis-

169 1224 279 1261 simis
302 1227 428 1274 atque
450 1225 614 1272 optimis
637 1225 744 1268 viris,
765 1225 925 1261 iniustis
946 1223 1118 1270 iudiciis,
1139 1223 1243 1264 tales
1264 1238 1380 1270 casus

168 1292 371 1331 incidisse.
427 1292 534 1331 Illud
569 1295 728 1331 utinam
762 1306 815 1331 ne
851 1306 947 1332 vere
981 1294 1217 1341 scriberem,
1251 1308 1302 1334 ea
1334 1301 1380 1336 te

168 1363 377 1414 republica
400 1376 553 1409 carere,
577 1366 619 1401 in
643 1377 726 1415 qua
748 1366 957 1402 neminem
979 1365 1229 1415 prudentem
1251 1348 1381 1404 homi?-

120 1440 141 1472 4
168 1447 263 1472 nem
276 1447 340 1472 res
353 1433 436 1472 ulla
448 1434 648 1484 delectet!
684 1434 750 1472 De
762 1440 836 1473 tuo
849 1440 991 1473 autem
1003 1434 1085 1474 filio
1097 1448 1254 1483 vereor,
1266 1449 1334 1484 ne,
1345 1438 1380 1475 si

168 1504 268 1543 nihil
299 1504 352 1543 ad
381 1510 426 1543 te
457 1507 700 1556 scripserim,
731 1505 919 1544 debitum
951 1508 1038 1544 eius
1068 1508 1210 1545 virtuti
1241 1498 1380 1566 videer

167 1577 450 1614 testimonium
480 1589 563 1613 non
592 1575 783 1621 dedisse;
827 1578 890 1614 sin
920 1582 1062 1615 autem
1091 1580 1241 1623 omnia,
1271 1591 1379 1629 quae

166 1648 314 1692 sentio,
344 1648 664 1696 perscripserim,
695 1658 747 1683 ne
778 1644 967 1684 refricem
997 1649 1099 1685 meis
1129 1646 1278 1686 litteris
1307 1644 1379 1687 de-

167 1716 362 1754 siderium
391 1729 438 1754 ac
467 1715 649 1755 dolorem
679 1721 811 1754 tuum.
865 1715 947 1754 Sed
976 1721 1119 1756 tamen
1146 1717 1378 1768 prudentis-

167 1788 268 1824 sime
293 1784 432 1832 facies,
457 1788 490 1824 si
514 1785 619 1824 illius
644 1788 860 1836 pietatem,
886 1789 1097 1833 virtutem,
1120 1787 1378 1837 industriam,

168 1857 416 1908 ubicumque
442 1859 534 1902 eris,
559 1862 675 1895 tuam
701 1869 805 1902 esse,
830 1862 969 1895 tecum
995 1870 1084 1896 esse
1109 1857 1262 1904 duces3
1301 1872 1378 1899 nec

170 1930 279 1965 enim
304 1930 438 1966 minus
462 1933 603 1966 nostra
627 1933 737 1973 sunt,
763 1940 869 1979 quae
895 1930 1031 1966 animo
1054 1918 1376 1979 complectimur,

123 2003 145 2035 6
172 2011 295 2049 quam
326 2011 433 2049 quae
463 1997 587 2036 oculis
616 2000 838 2036 intuemur.
892 1998 1168 2046 Quamobrem
1200 2004 1244 2037 et
1271 1998 1377 2040 illius

180 2081 256 2121 898
