1442 2392
654 135 858 176 CICERO

151 239 462 279 necessitudinis
500 246 544 278 et
589 241 838 291 reipublicae
876 255 999 280 causa
1038 242 1356 294 gratulationem

152 297 387 344 exspectavi
405 307 415 340 ;
450 308 573 346 quam
607 308 685 346 ego
719 296 792 334 abs
825 301 869 334 te
902 300 1235 347 praetermissam
1268 312 1357 338 esse

151 349 338 394 arbitror,
358 349 467 400 quod
487 362 689 395 vererere,
708 362 761 387 ne
781 353 894 388 cuius
914 353 1096 389 animum
1114 351 1356 392 offenderes.

150 401 232 440 Sed
254 405 370 448 scito,
394 416 457 448 ea,
481 416 588 454 quae
611 417 684 441 nos
707 417 781 454 pro
804 404 937 443 salute
959 408 1119 456 patriae
1142 409 1356 458 gessimus,

150 457 257 494 orbis
273 462 408 495 terrae
424 457 572 495 iudicio
589 470 636 496 ac
651 460 887 496 testimonio
903 460 1170 510 comprobari.
1224 460 1356 509 Quae,

149 523 276 561 quum
289 514 463 556 veneris,
477 517 595 550 tanto
615 512 780 550 consilio
799 518 1000 564 tantaque
1015 516 1139 552 animi
1151 518 1357 567 magnitu-

149 565 244 603 dine
262 579 286 602 a
303 578 369 603 me
386 571 506 616 gesta
530 578 619 604 esse
639 579 872 617 cognosces,
890 573 938 606 ut
959 568 1050 614 tibi,
1066 568 1197 608 multo
1211 572 1357 609 maiori

148 632 273 670 quam
293 618 508 658 Africanus
528 619 622 666 fuit,
642 634 723 666 me,
744 635 826 659 non
849 621 980 660 multo
1005 625 1206 661 minorem
1231 624 1356 675 quam

149 673 349 719 Laelium,
369 673 488 712 facile
510 680 554 713 et
573 677 616 712 in
634 675 844 726 republica
865 681 909 715 et
927 679 971 714 in
991 679 1171 716 amicitia
1190 677 1357 718 adium»

148 733 239 767 tum
258 741 349 766 esse
364 731 538 779 patiare.
1339 751 1357 759 ··

698 870 803 909 VIII
851 872 854 874 ’

315 989 362 1017 Μ.
389 990 427 1016 Τ.
455 991 490 1017 C.
518 991 550 1017 S.
578 991 619 1017 D.
647 991 694 1018 M.
722 991 873 1018 LICINIO
900 992 938 1019 P.
967 993 1005 1018 F·
1032 993 1174 1020 ansso

565 1081 714 1120 Romae,
731 1093 840 1115 A.u.c.
859 1084 937 1116 700.

196 1158 409 1206 Quantum
433 1157 528 1197 a.d.¹
575 1188 584 1197 .
613 1187 623 1198 .
654 1188 663 1198 .
682 1172 822 1197 meum
841 1159 1023 1198 studium
1043 1163 1251 1201 exstiterit
1263 1162 1353 1215 di'g-

143 1215 285 1251 nitatis
314 1218 412 1252 tuae
442 1213 507 1251 vel
535 1212 732 1259 tuendae,
761 1213 825 1251 vel
854 1216 981 1252 etiam
1010 1215 1241 1266 augendae,
1269 1230 1352 1256 non

143 1267 302 1313 dubito,
323 1269 422 1318 quin
443 1267 496 1305 ad
516 1273 560 1305 te
581 1280 723 1306 omnes
743 1270 805 1306 tui
825 1271 1074 1319 scripserint.
1128 1269 1222 1308 Non
1241 1274 1361 1310 enim*

143 1320 222 1359 fuit
246 1327 320 1359 aut
341 1321 546 1360 mediocre
571 1327 644 1360 aut
667 1322 884 1360 obscurum
908 1328 981 1362 aut
1005 1324 1216 1370 eiusmodi,
1240 1325 1352 1376 quod

143 1375 306 1414 silentio
320 1380 461 1426 posset
474 1378 704 1426 praeteriri.
757 1376 864 1415 Nam
884 1382 929 1415 et
947 1390 1041 1415 cum
1061 1378 1292 1418 consulibus
1307 1385 1365 1419 οτι

142 1443 236 1468 cum
254 1429 394 1468 multis
412 1429 688 1469 consularibus
707 1436 827 1469 tanta
845 1432 1352 1480 contentionedecertavi,

143 1490 300 1535 quanta
333 1497 557 1535 numquam
591 1490 716 1523 antea
749 1485 831 1523 ulla
863 1488 906 1523 in
938 1499 1075 1532 causa,
1107 1490 1362 1540 suscepique

142 1538 241 1576 mihi
263 1544 510 1589 perpetuam
531 1541 904 1590 propugnationem
917 1544 1000 1590 'pro
1023 1541 1211 1580 omnibus
1233 1551 1351 1581 orna*

566 1607 580 1627 ²
605 1607 731 1642 Klotz:
755 1607 802 1641 ad
818 1609 919 1641 codd.
1315 1612 1320 1619 ⁷

190 1697 206 1714 ⁰
231 1691 270 1724 P.
297 1691 404 1725 Corn.
432 1691 552 1734 Scipio
582 1691 808 1726 Aemilianus
837 1692 1031 1727 Africanus
1063 1693 1197 1734 Minor,
1222 1705 1288 1730 son
1311 1695 1353 1732 of,

147 1734 188 1768 L.
226 1735 400 1768 Aemilius
438 1735 593 1774 Paullus,
626 1735 687 1769 the
716 1746 915 1779 conqueror
945 1736 986 1770 of
1020 1736 1247 1777 Macedonia,
1283 1739 1350 1775 but

143 1778 302 1831 adopted
329 1778 378 1820 by
406 1778 445 1810 P.
473 1778 606 1820 Scipio,
633 1779 694 1812 the
721 1779 817 1831 elder
842 1790 907 1813 son
926 1779 975 1831 ‘of
1003 1779 1141 1857 Scigio·
1156 1780 1348 1834 Africanus

148 1823 278 1860 Maior,
295 1821 356 1855 the
372 1831 572 1864 conqueror
587 1821 627 1855 of
642 1822 837 1855 Hanmbal.
887 1823 954 1856 His
970 1823 1061 1857 frien
1088 1824 1169 1867 ship
1186 1825 1271 1858 with
1288 1825 1349 1860 the

145 1876 308 1917 younger
326 1865 480 1920 Laelius,
497 1876 538 1898 as
554 1868 656 1917 great
672 1875 712 1917 as
729 1866 807 1901 that
824 1866 865 1917 of:
878 1866 1000 1918 Scipio
1016 1867 1209 1924 Africanus
1229 1868 1349 1921 Maior
1369 1916 1375 1920 ι

145 1907 651 1990 ἵὲἔέἰαῑὲῗξέζῗῖθίἓῗιιῗέἰιὶΐ.
674 1909 933 1943 mmortahzed
959 1921 996 1944 in
1023 1910 1147 1945 Cicero
1160 1921 1178 1945 s
1204 1914 1348 1948 treatme

193 1996 206 2015 ¹²
231 1995 307 2028 The
323 1995 406 2028 date
422 1995 487 2028 has
504 1995 593 2029 been
610 1995 689 2028 lost.

195 2044 207 2060 ⁶
230 2038 409 2071 Crassus's
424 2040 591 2078 enemies,
603 2049 740 2082 among
752 2038 869 2072 whom
885 2050 975 2073 were
990 2039 1050 2074 the
1061 2040 1204 2075 consuls
1218 2041 1275 2076 for
1289 2044 1365 2084 5·ss

148 2094 226 2130 848
