<?xml version="1.0" encoding="UTF-8"?>
<!DOCTYPE html PUBLIC "-//W3C//DTD XHTML 1.0 Transitional//EN"
    "http://www.w3.org/TR/xhtml1/DTD/xhtml1-transitional.dtd">
<html xmlns="http://www.w3.org/1999/xhtml" xml:lang="en" lang="en">
 <head>
  <title>
</title>
<meta http-equiv="Content-Type" content="text/html;charset=utf-8" />
  <meta name='ocr-system' content='tesseract 3.04.00' />
  <meta name='ocr-capabilities' content='ocr_page ocr_carea ocr_par ocr_line ocrx_word'/>
</head>
<body>
  <div class='ocr_page' id='page_1' title='image "./letterstohisfrie01ciceuoft_0164.png"; bbox 0 0 1442 2392; ppageno 0'>
   <div class='ocr_carea' id='block_1_1' title="bbox 686 131 890 172">
    <p class='ocr_par' dir='ltr' id='par_1_1' title="bbox 686 131 890 172">
     <span class='ocr_line' id='line_1_1' title="bbox 686 131 890 172; baseline 0.01 -2"><span class='ocrx_word' id='word_1_1' title='bbox 686 131 890 172; x_wconf 89' lang='lat' dir='ltr'>CICERO</span> 
     </span>
    </p>
   </div>
   <div class='ocr_carea' id='block_1_2' title="bbox 131 233 1396 1711">
    <p class='ocr_par' dir='ltr' id='par_1_2' title="bbox 131 233 1396 1711">
     <span class='ocr_line' id='line_1_2' title="bbox 182 233 1390 287; baseline 0.008 -16"><span class='ocrx_word' id='word_1_2' title='bbox 182 233 304 271; x_wconf 91' lang='lat' dir='ltr'><strong>rebus</strong></span> <span class='ocrx_word' id='word_1_3' title='bbox 331 233 484 273; x_wconf 88' lang='lat' dir='ltr'><strong>habere</strong></span> <span class='ocrx_word' id='word_1_4' title='bbox 510 240 675 274; x_wconf 86' lang='lat' dir='ltr'><strong>tuarum</strong></span> <span class='ocrx_word' id='word_1_5' title='bbox 700 236 947 277; x_wconf 82' lang='lat' dir='ltr'><strong>litterarum.</strong></span> <span class='ocrx_word' id='word_1_6' title='bbox 1000 238 1153 287; x_wconf 79' lang='lat' dir='ltr'><strong>Quare,</strong></span> <span class='ocrx_word' id='word_1_7' title='bbox 1178 242 1272 287; x_wconf 79' lang='lat' dir='ltr'><strong>etsi,</strong></span> <span class='ocrx_word' id='word_1_8' title='bbox 1297 239 1390 281; x_wconf 83' lang='lat' dir='ltr'><strong>c&#39;um</strong></span> 
     </span>
     <span class='ocr_line' id='line_1_3' title="bbox 182 304 1390 362; baseline 0.008 -21"><span class='ocrx_word' id='word_1_9' title='bbox 182 309 229 342; x_wconf 82' lang='lat' dir='ltr'><strong>tu</strong></span> <span class='ocrx_word' id='word_1_10' title='bbox 260 304 361 343; x_wconf 87' lang='lat' dir='ltr'><strong>haec</strong></span> <span class='ocrx_word' id='word_1_11' title='bbox 391 304 519 356; x_wconf 89' lang='lat' dir='ltr'><strong>leges,</strong></span> <span class='ocrx_word' id='word_1_12' title='bbox 551 319 628 358; x_wconf 89' lang='lat' dir='ltr'><strong>ego</strong></span> <span class='ocrx_word' id='word_1_13' title='bbox 658 309 741 345; x_wconf 89' lang='lat' dir='ltr'><strong>iam</strong></span> <span class='ocrx_word' id='word_1_14' title='bbox 772 321 954 347; x_wconf 90' lang='lat' dir='ltr'><strong>annuum</strong></span> <span class='ocrx_word' id='word_1_15' title='bbox 984 321 1132 349; x_wconf 86' lang='lat' dir='ltr'><strong>munus</strong></span> <span class='ocrx_word' id='word_1_16' title='bbox 1162 307 1390 362; x_wconf 52' lang='lat' dir='ltr'><strong>confecero}</strong></span> 
     </span>
     <span class='ocr_line' id='line_1_4' title="bbox 181 366 1392 435; baseline 0.009 -23"><span class='ocrx_word' id='word_1_17' title='bbox 181 380 323 413; x_wconf 88' lang='lat' dir='ltr'><strong>tamen</strong></span> <span class='ocrx_word' id='word_1_18' title='bbox 343 376 487 414; x_wconf 90' lang='lat' dir='ltr'><strong>obviae</strong></span> <span class='ocrx_word' id='word_1_19' title='bbox 508 376 607 415; x_wconf 87' lang='lat' dir='ltr'><strong>mihi</strong></span> <span class='ocrx_word' id='word_1_20' title='bbox 629 378 751 416; x_wconf 90' lang='lat' dir='ltr'><strong>velim</strong></span> <span class='ocrx_word' id='word_1_21' title='bbox 771 381 854 418; x_wconf 91' lang='lat' dir='ltr'><strong>sint</strong></span> <span class='ocrx_word' id='word_1_22' title='bbox 873 379 1039 419; x_wconf 82' lang='lat' dir='ltr'><strong>litterae</strong></span> <span class='ocrx_word' id='word_1_23' title='bbox 1060 387 1173 428; x_wconf 86' lang='lat' dir='ltr'><strong>tuae,</strong></span> <span class='ocrx_word' id='word_1_24' title='bbox 1193 396 1301 435; x_wconf 86' lang='lat' dir='ltr'><strong>quae</strong></span> <span class='ocrx_word' id='word_1_25' title='bbox 1318 366 1392 423; x_wconf 85' lang='lat' dir='ltr'><strong>me</strong></span> 
     </span>
     <span class='ocr_line' id='line_1_5' title="bbox 181 446 1393 504; baseline 0.008 -20"><span class='ocrx_word' id='word_1_26' title='bbox 181 446 372 485; x_wconf 85' lang='lat' dir='ltr'><strong>erudiant</strong></span> <span class='ocrx_word' id='word_1_27' title='bbox 389 447 442 486; x_wconf 88' lang='lat' dir='ltr'><strong>de</strong></span> <span class='ocrx_word' id='word_1_28' title='bbox 462 450 573 486; x_wconf 89' lang='lat' dir='ltr'><strong>omni</strong></span> <span class='ocrx_word' id='word_1_29' title='bbox 590 449 814 499; x_wconf 86' lang='lat' dir='ltr'><strong>republica,</strong></span> <span class='ocrx_word' id='word_1_30' title='bbox 833 463 885 489; x_wconf 89' lang='lat' dir='ltr'><strong>ne</strong></span> <span class='ocrx_word' id='word_1_31' title='bbox 905 450 1052 502; x_wconf 87' lang='lat' dir='ltr'><strong>hospes</strong></span> <span class='ocrx_word' id='word_1_32' title='bbox 1070 452 1193 504; x_wconf 88' lang='lat' dir='ltr'><strong>plane</strong></span> <span class='ocrx_word' id='word_1_33' title='bbox 1211 457 1374 494; x_wconf 86' lang='lat' dir='ltr'><strong>veniam</strong></span> <span class='ocrx_word' id='word_1_34' title='bbox 1385 470 1393 484; x_wconf 73' lang='lat'><strong>2·</strong></span> 
     </span>
     <span class='ocr_line' id='line_1_6' title="bbox 131 516 1389 577; baseline 0.009 -23"><span class='ocrx_word' id='word_1_35' title='bbox 131 520 153 554; x_wconf 86' lang='lat'><strong><em>2</em></strong></span> <span class='ocrx_word' id='word_1_36' title='bbox 181 516 270 555; x_wconf 89' lang='lat' dir='ltr'><strong>Hoc</strong></span> <span class='ocrx_word' id='word_1_37' title='bbox 285 517 445 564; x_wconf 85' lang='lat' dir='ltr'><strong>melius,</strong></span> <span class='ocrx_word' id='word_1_38' title='bbox 462 531 586 570; x_wconf 89' lang='lat' dir='ltr'><strong>quam</strong></span> <span class='ocrx_word' id='word_1_39' title='bbox 603 525 664 565; x_wconf 91' lang='lat' dir='ltr'><strong>tu,</strong></span> <span class='ocrx_word' id='word_1_40' title='bbox 680 518 816 558; x_wconf 86' lang='lat' dir='ltr'><strong>facere</strong></span> <span class='ocrx_word' id='word_1_41' title='bbox 833 534 955 560; x_wconf 90' lang='lat' dir='ltr'><strong>nemo</strong></span> <span class='ocrx_word' id='word_1_42' title='bbox 970 528 1124 573; x_wconf 87' lang='lat' dir='ltr'><strong>potest.</strong></span> <span class='ocrx_word' id='word_1_43' title='bbox 1177 523 1389 577; x_wconf 33' lang='lat' dir='ltr'><strong>Diogenes,</strong></span> 
     </span>
     <span class='ocr_line' id='line_1_7' title="bbox 178 583 1386 641; baseline 0.009 -16"><span class='ocrx_word' id='word_1_44' title='bbox 178 593 288 634; x_wconf 92' lang='lat' dir='ltr'><strong>tuus,</strong></span> <span class='ocrx_word' id='word_1_45' title='bbox 310 587 432 627; x_wconf 92' lang='lat' dir='ltr'><strong>homo</strong></span> <span class='ocrx_word' id='word_1_46' title='bbox 453 589 679 637; x_wconf 84' lang='lat' dir='ltr'><strong>modestus,</strong></span> <span class='ocrx_word' id='word_1_47' title='bbox 701 604 725 629; x_wconf 89' lang='lat' dir='ltr'><strong>a</strong></span> <span class='ocrx_word' id='word_1_48' title='bbox 746 605 813 630; x_wconf 89' lang='lat' dir='ltr'><strong>me</strong></span> <span class='ocrx_word' id='word_1_49' title='bbox 835 605 928 631; x_wconf 90' lang='lat' dir='ltr'><strong>cum</strong></span> <span class='ocrx_word' id='word_1_50' title='bbox 950 591 1120 632; x_wconf 89' lang='lat' dir='ltr'>Philone</span> <span class='ocrx_word' id='word_1_51' title='bbox 1142 583 1386 641; x_wconf 84' lang='lat' dir='ltr'><strong>Pessinunte</strong></span> 
     </span>
     <span class='ocr_line' id='line_1_8' title="bbox 178 650 1387 719; baseline 0.009 -23"><span class='ocrx_word' id='word_1_52' title='bbox 178 657 376 698; x_wconf 82' lang='lat' dir='ltr'><strong>discessit.</strong></span> <span class='ocrx_word' id='word_1_53' title='bbox 445 659 532 698; x_wconf 91' lang='lat' dir='ltr'><strong>Iter</strong></span> <span class='ocrx_word' id='word_1_54' title='bbox 573 660 785 701; x_wconf 82' lang='lat' dir='ltr'><strong>habebant</strong></span> <span class='ocrx_word' id='word_1_55' title='bbox 818 663 870 702; x_wconf 88' lang='lat' dir='ltr'><strong>ad</strong></span> <span class='ocrx_word' id='word_1_56' title='bbox 912 664 1211 717; x_wconf 87' lang='lat' dir='ltr'><strong>Adiatorigem,</strong></span> <span class='ocrx_word' id='word_1_57' title='bbox 1244 650 1387 719; x_wconf 74' lang='lat' dir='ltr'><strong>quam-</strong></span> 
     </span>
     <span class='ocr_line' id='line_1_9' title="bbox 177 733 1384 789; baseline 0.01 -23"><span class='ocrx_word' id='word_1_58' title='bbox 177 742 302 780; x_wconf 86' lang='lat' dir='ltr'>quam</span> <span class='ocrx_word' id='word_1_59' title='bbox 335 733 472 768; x_wconf 81' lang='lat' dir='ltr'><strong>omnia</strong></span> <span class='ocrx_word' id='word_1_60' title='bbox 504 744 581 770; x_wconf 87' lang='lat' dir='ltr'><strong>nee</strong></span> <span class='ocrx_word' id='word_1_61' title='bbox 614 733 807 784; x_wconf 87' lang='lat' dir='ltr'><strong>benigna,</strong></span> <span class='ocrx_word' id='word_1_62' title='bbox 841 747 918 773; x_wconf 92' lang='lat' dir='ltr'><strong>nec</strong></span> <span class='ocrx_word' id='word_1_63' title='bbox 950 738 1114 786; x_wconf 89' lang='lat' dir='ltr'><strong>copiosa</strong></span> <span class='ocrx_word' id='word_1_64' title='bbox 1145 744 1384 789; x_wconf 72' lang='lat' dir='ltr'><strong>cognorant.</strong></span> 
     </span>
     <span class='ocr_line' id='line_1_10' title="bbox 179 800 1384 867; baseline 0.01 -30"><span class='ocrx_word' id='word_1_65' title='bbox 179 800 349 847; x_wconf 89' lang='lat' dir='ltr'><strong>Urbem,</strong></span> <span class='ocrx_word' id='word_1_66' title='bbox 375 801 547 848; x_wconf 89' lang='lat' dir='ltr'><strong>Urbem,</strong></span> <span class='ocrx_word' id='word_1_67' title='bbox 571 806 628 841; x_wconf 90' lang='lat' dir='ltr'><strong>mi</strong></span> <span class='ocrx_word' id='word_1_68' title='bbox 653 803 774 850; x_wconf 89' lang='lat' dir='ltr'><strong>Rufe,</strong></span> <span class='ocrx_word' id='word_1_69' title='bbox 799 804 900 851; x_wconf 89' lang='lat' dir='ltr'><strong>cole,</strong></span> <span class='ocrx_word' id='word_1_70' title='bbox 926 811 971 844; x_wconf 87' lang='lat' dir='ltr'><strong>et</strong></span> <span class='ocrx_word' id='word_1_71' title='bbox 994 806 1037 844; x_wconf 86' lang='lat' dir='ltr'><strong>in</strong></span> <span class='ocrx_word' id='word_1_72' title='bbox 1060 809 1141 846; x_wconf 84' lang='lat' dir='ltr'><strong>ista</strong></span> <span class='ocrx_word' id='word_1_73' title='bbox 1164 807 1254 847; x_wconf 88' lang='lat' dir='ltr'><strong>luce</strong></span> <span class='ocrx_word' id='word_1_74' title='bbox 1279 810 1384 867; x_wconf 39' lang='lat' dir='ltr'><strong>vive..</strong></span> 
     </span>
     <span class='ocr_line' id='line_1_11' title="bbox 177 870 1384 928; baseline 0.008 -18"><span class='ocrx_word' id='word_1_75' title='bbox 177 870 320 910; x_wconf 89' lang='lat' dir='ltr'><strong>Omnis</strong></span> <span class='ocrx_word' id='word_1_76' title='bbox 368 876 646 924; x_wconf 83' lang='lat' dir='ltr'><strong>peregrinatio</strong></span> <span class='ocrx_word' id='word_1_77' title='bbox 697 875 824 926; x_wconf 91' lang='lat' dir='ltr'><strong>(quod</strong></span> <span class='ocrx_word' id='word_1_78' title='bbox 874 889 952 928; x_wconf 87' lang='lat' dir='ltr'><strong>ego</strong></span> <span class='ocrx_word' id='word_1_79' title='bbox 1001 877 1055 916; x_wconf 90' lang='lat' dir='ltr'><strong>ab</strong></span> <span class='ocrx_word' id='word_1_80' title='bbox 1104 878 1384 920; x_wconf 79' lang='lat' dir='ltr'><strong>adulescentia</strong></span> 
     </span>
     <span class='ocr_line' id='line_1_12' title="bbox 173 942 1396 998; baseline 0.005 -18"><span class='ocrx_word' id='word_1_81' title='bbox 173 942 358 994; x_wconf 87' lang='lat' dir='ltr'><strong>iudicavi)</strong></span> <span class='ocrx_word' id='word_1_82' title='bbox 383 945 552 982; x_wconf 88' lang='lat' dir='ltr'><strong>obscura</strong></span> <span class='ocrx_word' id='word_1_83' title='bbox 576 949 619 982; x_wconf 87' lang='lat' dir='ltr'><strong>et</strong></span> <span class='ocrx_word' id='word_1_84' title='bbox 645 945 806 983; x_wconf 86' lang='lat' dir='ltr'><strong>sordida</strong></span> <span class='ocrx_word' id='word_1_85' title='bbox 830 951 893 984; x_wconf 89' lang='lat' dir='ltr'><strong>est</strong></span> <span class='ocrx_word' id='word_1_86' title='bbox 916 948 977 991; x_wconf 84' lang='lat' dir='ltr'><strong>iis,</strong></span> <span class='ocrx_word' id='word_1_87' title='bbox 1003 960 1173 998; x_wconf 89' lang='lat' dir='ltr'><strong>quorum</strong></span> <span class='ocrx_word' id='word_1_88' title='bbox 1197 946 1396 986; x_wconf 78' lang='lat' dir='ltr'><strong>industria</strong></span> 
     </span>
     <span class='ocr_line' id='line_1_13' title="bbox 172 1013 1395 1070; baseline 0.005 -18"><span class='ocrx_word' id='word_1_89' title='bbox 172 1013 323 1053; x_wconf 86' lang='lat' dir='ltr'><strong>Romae</strong></span> <span class='ocrx_word' id='word_1_90' title='bbox 370 1021 508 1066; x_wconf 87' lang='lat' dir='ltr'><strong>potest</strong></span> <span class='ocrx_word' id='word_1_91' title='bbox 561 1015 722 1054; x_wconf 87' lang='lat' dir='ltr'><strong>illustris</strong></span> <span class='ocrx_word' id='word_1_92' title='bbox 776 1029 876 1055; x_wconf 88' lang='lat' dir='ltr'><strong>esse.</strong></span> <span class='ocrx_word' id='word_1_93' title='bbox 956 1017 1075 1066; x_wconf 84' lang='lat' dir='ltr'><strong>Quod</strong></span> <span class='ocrx_word' id='word_1_94' title='bbox 1126 1031 1219 1057; x_wconf 91' lang='lat' dir='ltr'><strong>cum</strong></span> <span class='ocrx_word' id='word_1_95' title='bbox 1267 1018 1395 1070; x_wconf 87' lang='lat' dir='ltr'><strong>probe</strong></span> 
     </span>
     <span class='ocr_line' id='line_1_14' title="bbox 179 1089 1388 1140; baseline 0.001 -11"><span class='ocrx_word' id='word_1_96' title='bbox 179 1094 338 1136; x_wconf 88' lang='lat' dir='ltr'><strong>scirem,</strong></span> <span class='ocrx_word' id='word_1_97' title='bbox 367 1092 526 1128; x_wconf 85' lang='lat' dir='ltr'><strong>utinam</strong></span> <span class='ocrx_word' id='word_1_98' title='bbox 558 1091 601 1127; x_wconf 88' lang='lat' dir='ltr'><strong>in</strong></span> <span class='ocrx_word' id='word_1_99' title='bbox 634 1091 843 1128; x_wconf 92' lang='lat' dir='ltr'><strong>sententia</strong></span> <span class='ocrx_word' id='word_1_100' title='bbox 874 1089 1216 1140; x_wconf 72' lang='lat' dir='ltr'><strong>permansissem!</strong></span> <span class='ocrx_word' id='word_1_101' title='bbox 1283 1091 1388 1131; x_wconf 90' lang='lat' dir='ltr'><strong>Cum</strong></span> 
     </span>
     <span class='ocr_line' id='line_1_15' title="bbox 179 1159 1388 1212; baseline 0.002 -13"><span class='ocrx_word' id='word_1_102' title='bbox 179 1175 262 1199; x_wconf 89' lang='lat' dir='ltr'><strong>una</strong></span> <span class='ocrx_word' id='word_1_103' title='bbox 289 1160 523 1199; x_wconf 89' lang='lat' dir='ltr'><strong>mehercule</strong></span> <span class='ocrx_word' id='word_1_104' title='bbox 554 1159 903 1198; x_wconf 85' lang='lat' dir='ltr'><strong>ambulatiuncula</strong></span> <span class='ocrx_word' id='word_1_105' title='bbox 931 1166 1059 1212; x_wconf 88' lang='lat' dir='ltr'><strong>atque</strong></span> <span class='ocrx_word' id='word_1_106' title='bbox 1088 1174 1171 1199; x_wconf 91' lang='lat' dir='ltr'><strong>uno</strong></span> <span class='ocrx_word' id='word_1_107' title='bbox 1199 1174 1388 1201; x_wconf 88' lang='lat' dir='ltr'><strong>sermone</strong></span> 
     </span>
     <span class='ocr_line' id='line_1_16' title="bbox 131 1230 1392 1284; baseline 0.001 -13"><span class='ocrx_word' id='word_1_108' title='bbox 131 1238 152 1271; x_wconf 83' lang='lat'><strong>3</strong></span> <span class='ocrx_word' id='word_1_109' title='bbox 179 1237 318 1270; x_wconf 87' lang='lat' dir='ltr'><strong>nostro</strong></span> <span class='ocrx_word' id='word_1_110' title='bbox 338 1244 479 1270; x_wconf 89' lang='lat' dir='ltr'><strong>omnes</strong></span> <span class='ocrx_word' id='word_1_111' title='bbox 499 1230 656 1269; x_wconf 89' lang='lat' dir='ltr'><strong>fructus</strong></span> <span class='ocrx_word' id='word_1_112' title='bbox 675 1234 906 1282; x_wconf 85' lang='lat' dir='ltr'><strong>provinciae</strong></span> <span class='ocrx_word' id='word_1_113' title='bbox 927 1245 1009 1269; x_wconf 92' lang='lat' dir='ltr'><strong>non</strong></span> <span class='ocrx_word' id='word_1_114' title='bbox 1027 1230 1207 1271; x_wconf 85' lang='lat' dir='ltr'><strong>confero.</strong></span> <span class='ocrx_word' id='word_1_115' title='bbox 1259 1231 1392 1284; x_wconf 87' lang='lat' dir='ltr'><strong>Spero</strong></span> 
     </span>
     <span class='ocr_line' id='line_1_17' title="bbox 178 1301 1389 1354; baseline 0.002 -13"><span class='ocrx_word' id='word_1_116' title='bbox 178 1316 244 1341; x_wconf 90' lang='lat' dir='ltr'><strong>me</strong></span> <span class='ocrx_word' id='word_1_117' title='bbox 264 1304 516 1354; x_wconf 87' lang='lat' dir='ltr'><strong>integritatis</strong></span> <span class='ocrx_word' id='word_1_118' title='bbox 534 1301 699 1340; x_wconf 84' lang='lat' dir='ltr'><strong>laudem</strong></span> <span class='ocrx_word' id='word_1_119' title='bbox 719 1307 984 1340; x_wconf 83' lang='lat' dir='ltr'><strong>consecutum</strong></span> <span class='ocrx_word' id='word_1_120' title='bbox 1002 1314 1012 1348; x_wconf 94' lang='lat'>;</span> <span class='ocrx_word' id='word_1_121' title='bbox 1046 1315 1129 1341; x_wconf 92' lang='lat' dir='ltr'><strong>non</strong></span> <span class='ocrx_word' id='word_1_122' title='bbox 1148 1308 1239 1341; x_wconf 87' lang='lat' dir='ltr'><strong>erat</strong></span> <span class='ocrx_word' id='word_1_123' title='bbox 1256 1306 1389 1344; x_wconf 89' lang='lat' dir='ltr'><strong>minor</strong></span> 
     </span>
     <span class='ocr_line' id='line_1_18' title="bbox 180 1372 1387 1425; baseline 0.002 -13"><span class='ocrx_word' id='word_1_124' title='bbox 180 1387 231 1412; x_wconf 87' lang='lat' dir='ltr'><strong>ex</strong></span> <span class='ocrx_word' id='word_1_125' title='bbox 272 1372 589 1419; x_wconf 87' lang='lat' dir='ltr'><strong>contemnenda,</strong></span> <span class='ocrx_word' id='word_1_126' title='bbox 630 1386 754 1424; x_wconf 86' lang='lat' dir='ltr'><strong>quam</strong></span> <span class='ocrx_word' id='word_1_127' title='bbox 795 1373 847 1411; x_wconf 78' lang='lat' dir='ltr'><strong>e‘x</strong></span> <span class='ocrx_word' id='word_1_128' title='bbox 888 1379 1128 1411; x_wconf 86' lang='lat' dir='ltr'><strong>conservata</strong></span> <span class='ocrx_word' id='word_1_129' title='bbox 1166 1376 1387 1425; x_wconf 85' lang='lat' dir='ltr'><strong>provincia.</strong></span> 
     </span>
     <span class='ocr_line' id='line_1_19' title="bbox 179 1443 1387 1496; baseline 0.001 -13"><span class='ocrx_word' id='word_1_130' title='bbox 179 1444 303 1496; x_wconf 89' lang='lat' dir='ltr'><strong>Spem</strong></span> <span class='ocrx_word' id='word_1_131' title='bbox 314 1443 544 1495; x_wconf 90' lang='lat' dir='ltr'><strong>triumphi?</strong></span> <span class='ocrx_word' id='word_1_132' title='bbox 571 1446 719 1495; x_wconf 85' lang='lat' dir='ltr'><strong>inquis.</strong></span> <span class='ocrx_word' id='word_1_133' title='bbox 773 1443 880 1482; x_wconf 86' lang='lat' dir='ltr'><strong>Satis</strong></span> <span class='ocrx_word' id='word_1_134' title='bbox 891 1443 1065 1495; x_wconf 89' lang='lat' dir='ltr'><strong>gloriose</strong></span> <span class='ocrx_word' id='word_1_135' title='bbox 1076 1444 1387 1496; x_wconf 81' lang='lat' dir='ltr'><strong>triumpharem,</strong></span> 
     </span>
     <span class='ocr_line' id='line_1_20' title="bbox 179 1514 1386 1566; baseline 0.002 -12"><span class='ocrx_word' id='word_1_136' title='bbox 179 1519 212 1554; x_wconf 91' lang='lat' dir='ltr'><strong>si</strong></span> <span class='ocrx_word' id='word_1_137' title='bbox 231 1529 314 1554; x_wconf 88' lang='lat' dir='ltr'><strong>non</strong></span> <span class='ocrx_word' id='word_1_138' title='bbox 333 1528 465 1553; x_wconf 88' lang='lat' dir='ltr'><strong>essem</strong></span> <span class='ocrx_word' id='word_1_139' title='bbox 486 1514 653 1566; x_wconf 91' lang='lat' dir='ltr'><strong>quidem</strong></span> <span class='ocrx_word' id='word_1_140' title='bbox 672 1514 831 1553; x_wconf 82' lang='lat' dir='ltr'><strong>tamdiu</strong></span> <span class='ocrx_word' id='word_1_141' title='bbox 849 1517 893 1552; x_wconf 88' lang='lat' dir='ltr'><strong>in</strong></span> <span class='ocrx_word' id='word_1_142' title='bbox 911 1514 1113 1553; x_wconf 90' lang='lat' dir='ltr'><strong>desiderio</strong></span> <span class='ocrx_word' id='word_1_143' title='bbox 1132 1528 1269 1554; x_wconf 88' lang='lat' dir='ltr'><strong>rerum</strong></span> <span class='ocrx_word' id='word_1_144' title='bbox 1287 1515 1386 1556; x_wconf 86' lang='lat' dir='ltr'><strong>mihi</strong></span> 
     </span>
     <span class='ocr_line' id='line_1_21' title="bbox 178 1585 1386 1638; baseline 0.001 -12"><span class='ocrx_word' id='word_1_145' title='bbox 178 1588 489 1626; x_wconf 80' lang='lat' dir='ltr'><strong>carissimarum.</strong></span> <span class='ocrx_word' id='word_1_146' title='bbox 543 1585 625 1624; x_wconf 90' lang='lat' dir='ltr'><strong>Sed</strong></span> <span class='ocrx_word' id='word_1_147' title='bbox 649 1585 713 1638; x_wconf 90' lang='lat' dir='ltr'><strong>(ut</strong></span> <span class='ocrx_word' id='word_1_148' title='bbox 735 1585 871 1637; x_wconf 90' lang='lat' dir='ltr'><strong>spero)</strong></span> <span class='ocrx_word' id='word_1_149' title='bbox 893 1585 1134 1636; x_wconf 81' lang='lat' dir='ltr'><strong>propediem</strong></span> <span class='ocrx_word' id='word_1_150' title='bbox 1157 1591 1201 1624; x_wconf 87' lang='lat' dir='ltr'><strong>te</strong></span> <span class='ocrx_word' id='word_1_151' title='bbox 1224 1586 1386 1627; x_wconf 88' lang='lat' dir='ltr'><strong>videbo.</strong></span> 
     </span>
     <span class='ocr_line' id='line_1_22' title="bbox 177 1655 1334 1711; baseline 0 -15"><span class='ocrx_word' id='word_1_152' title='bbox 177 1657 241 1696; x_wconf 93' lang='lat' dir='ltr'><strong>Tu</strong></span> <span class='ocrx_word' id='word_1_153' title='bbox 258 1657 358 1695; x_wconf 91' lang='lat' dir='ltr'><strong>mihi</strong></span> <span class='ocrx_word' id='word_1_154' title='bbox 376 1657 538 1695; x_wconf 88' lang='lat' dir='ltr'><strong>obviam</strong></span> <span class='ocrx_word' id='word_1_155' title='bbox 556 1659 678 1695; x_wconf 89' lang='lat' dir='ltr'><strong>mitte</strong></span> <span class='ocrx_word' id='word_1_156' title='bbox 698 1656 891 1707; x_wconf 85' lang='lat' dir='ltr'><strong>epistolas</strong></span> <span class='ocrx_word' id='word_1_157' title='bbox 910 1661 953 1694; x_wconf 87' lang='lat' dir='ltr'><strong>te</strong></span> <span class='ocrx_word' id='word_1_158' title='bbox 973 1656 1131 1707; x_wconf 88' lang='lat' dir='ltr'><strong>dignas.</strong></span> <span class='ocrx_word' id='word_1_159' title='bbox 1185 1655 1334 1711; x_wconf 68' lang='lat' dir='ltr'><strong>[Vale]</strong></span> 
     </span>
    </p>
   </div>
   <div class='ocr_carea' id='block_1_3' title="bbox 181 1750 1388 2055">
    <p class='ocr_par' dir='ltr' id='par_1_3' title="bbox 181 1750 1388 2055">
     <span class='ocr_line' id='line_1_23' title="bbox 228 1750 1387 1794; baseline 0.003 -9"><span class='ocrx_word' id='word_1_160' title='bbox 228 1758 243 1773; x_wconf 80' lang='lat'><strong>⁰</strong></span> <span class='ocrx_word' id='word_1_161' title='bbox 267 1752 342 1786; x_wconf 92' lang='lat' dir='ltr'><strong>Son</strong></span> <span class='ocrx_word' id='word_1_162' title='bbox 383 1751 423 1785; x_wconf 86' lang='lat' dir='ltr'><strong>of</strong></span> <span class='ocrx_word' id='word_1_163' title='bbox 461 1751 660 1794; x_wconf 85' lang='lat' dir='ltr'><strong>Adjatorix,</strong></span> <span class='ocrx_word' id='word_1_164' title='bbox 702 1751 856 1784; x_wconf 73' lang='lat' dir='ltr'><strong>teti-arch</strong></span> <span class='ocrx_word' id='word_1_165' title='bbox 897 1750 938 1784; x_wconf 85' lang='lat' dir='ltr'><strong>of</strong></span> <span class='ocrx_word' id='word_1_166' title='bbox 981 1750 1136 1790; x_wconf 81' lang='lat' dir='ltr'><strong>Galatia.</strong></span> <span class='ocrx_word' id='word_1_167' title='bbox 1176 1750 1387 1788; x_wconf 67' lang='lat' dir='ltr'><strong>afterwards</strong></span> 
     </span>
     <span class='ocr_line' id='line_1_24' title="bbox 184 1793 1386 1838; baseline 0.001 -9"><span class='ocrx_word' id='word_1_168' title='bbox 184 1794 353 1830; x_wconf 87' lang='lat' dir='ltr'><strong>executed</strong></span> <span class='ocrx_word' id='word_1_169' title='bbox 369 1795 419 1837; x_wconf 89' lang='lat' dir='ltr'><strong>by</strong></span> <span class='ocrx_word' id='word_1_170' title='bbox 436 1794 634 1838; x_wconf 86' lang='lat' dir='ltr'><strong>Augustus.</strong></span> <span class='ocrx_word' id='word_1_171' title='bbox 683 1795 875 1837; x_wconf 84' lang='lat' dir='ltr'><strong>Diogenes,</strong></span> <span class='ocrx_word' id='word_1_172' title='bbox 893 1805 915 1827; x_wconf 86' lang='lat' dir='ltr'><strong>a</strong></span> <span class='ocrx_word' id='word_1_173' title='bbox 936 1793 1052 1827; x_wconf 87' lang='lat' dir='ltr'><strong>friend</strong></span> <span class='ocrx_word' id='word_1_174' title='bbox 1076 1793 1117 1827; x_wconf 84' lang='lat' dir='ltr'><strong>of</strong></span> <span class='ocrx_word' id='word_1_175' title='bbox 1136 1793 1290 1835; x_wconf 82' lang='lat' dir='ltr'><strong>Caelius,</strong></span> <span class='ocrx_word' id='word_1_176' title='bbox 1314 1806 1386 1830; x_wconf 81' lang='lat' dir='ltr'><strong>was</strong></span> 
     </span>
     <span class='ocr_line' id='line_1_25' title="bbox 183 1837 1387 1882; baseline 0 -10"><span class='ocrx_word' id='word_1_177' title='bbox 183 1838 362 1882; x_wconf 85' lang='lat' dir='ltr'><strong>probably</strong></span> <span class='ocrx_word' id='word_1_178' title='bbox 385 1839 497 1880; x_wconf 88' lang='lat' dir='ltr'><strong>going</strong></span> <span class='ocrx_word' id='word_1_179' title='bbox 519 1841 558 1871; x_wconf 86' lang='lat' dir='ltr'><strong>to</strong></span> <span class='ocrx_word' id='word_1_180' title='bbox 586 1837 753 1872; x_wconf 90' lang='lat' dir='ltr'><strong>Pessinus</strong></span> <span class='ocrx_word' id='word_1_181' title='bbox 777 1848 816 1871; x_wconf 89' lang='lat' dir='ltr'><strong>as</strong></span> <span class='ocrx_word' id='word_1_182' title='bbox 847 1841 944 1870; x_wconf 83' lang='lat' dir='ltr'><strong>tutor</strong></span> <span class='ocrx_word' id='word_1_183' title='bbox 966 1840 1004 1870; x_wconf 90' lang='lat' dir='ltr'><strong>to</strong></span> <span class='ocrx_word' id='word_1_184' title='bbox 1035 1837 1235 1881; x_wconf 85' lang='lat' dir='ltr'><strong>Adjatorix.</strong></span> <span class='ocrx_word' id='word_1_185' title='bbox 1284 1837 1387 1881; x_wconf 83' lang='lat' dir='ltr'><strong>Philo</strong></span> 
     </span>
     <span class='ocr_line' id='line_1_26' title="bbox 183 1880 1386 1924; baseline 0 -8"><span class='ocrx_word' id='word_1_186' title='bbox 183 1893 255 1916; x_wconf 85' lang='lat' dir='ltr'><strong>was</strong></span> <span class='ocrx_word' id='word_1_187' title='bbox 271 1882 442 1916; x_wconf 87' lang='lat' dir='ltr'><strong>Caelius&#39;s</strong></span> <span class='ocrx_word' id='word_1_188' title='bbox 458 1882 655 1915; x_wconf 84' lang='lat' dir='ltr'><strong>freedman.</strong></span> <span class='ocrx_word' id='word_1_189' title='bbox 705 1881 888 1924; x_wconf 85' lang='lat' dir='ltr'><strong>Diogenes</strong></span> <span class='ocrx_word' id='word_1_190' title='bbox 905 1881 978 1914; x_wconf 86' lang='lat' dir='ltr'><strong>and</strong></span> <span class='ocrx_word' id='word_1_191' title='bbox 996 1880 1100 1914; x_wconf 89' lang='lat' dir='ltr'><strong>Philo</strong></span> <span class='ocrx_word' id='word_1_192' title='bbox 1117 1892 1209 1915; x_wconf 87' lang='lat' dir='ltr'><strong>were</strong></span> <span class='ocrx_word' id='word_1_193' title='bbox 1224 1881 1386 1924; x_wconf 81' lang='lat' dir='ltr'><strong>justified</strong></span> 
     </span>
     <span class='ocr_line' id='line_1_27' title="bbox 183 1923 1388 1968; baseline 0 -8"><span class='ocrx_word' id='word_1_194' title='bbox 183 1928 219 1960; x_wconf 91' lang='lat' dir='ltr'><strong>in</strong></span> <span class='ocrx_word' id='word_1_195' title='bbox 250 1926 362 1968; x_wconf 86' lang='lat' dir='ltr'><strong>being</strong></span> <span class='ocrx_word' id='word_1_196' title='bbox 391 1925 564 1959; x_wconf 87' lang='lat' dir='ltr'><strong>doubtful</strong></span> <span class='ocrx_word' id='word_1_197' title='bbox 594 1926 636 1958; x_wconf 82' lang='lat' dir='ltr'><strong>of</strong></span> <span class='ocrx_word' id='word_1_198' title='bbox 663 1936 685 1958; x_wconf 90' lang='lat' dir='ltr'><strong>a</strong></span> <span class='ocrx_word' id='word_1_199' title='bbox 715 1936 828 1959; x_wconf 87' lang='lat' dir='ltr'><strong>warm</strong></span> <span class='ocrx_word' id='word_1_200' title='bbox 859 1925 1030 1958; x_wconf 89' lang='lat' dir='ltr'><strong>welcome</strong></span> <span class='ocrx_word' id='word_1_201' title='bbox 1067 1926 1102 1958; x_wconf 89' lang='lat' dir='ltr'><strong>in</strong></span> <span class='ocrx_word' id='word_1_202' title='bbox 1133 1923 1292 1965; x_wconf 83' lang='lat' dir='ltr'><strong>Galatia,</strong></span> <span class='ocrx_word' id='word_1_203' title='bbox 1323 1925 1388 1960; x_wconf 79' lang='lat' dir='ltr'><strong>the</strong></span> 
     </span>
     <span class='ocr_line' id='line_1_28' title="bbox 181 1967 1387 2011; baseline 0.001 -8"><span class='ocrx_word' id='word_1_204' title='bbox 181 1969 339 2003; x_wconf 76' lang='lat' dir='ltr'><strong>teti-arch</strong></span> <span class='ocrx_word' id='word_1_205' title='bbox 371 1970 413 2002; x_wconf 82' lang='lat' dir='ltr'><strong>of</strong></span> <span class='ocrx_word' id='word_1_206' title='bbox 443 1969 573 2007; x_wconf 86' lang='lat' dir='ltr'><strong>which,</strong></span> <span class='ocrx_word' id='word_1_207' title='bbox 606 1968 854 2007; x_wconf 84' lang='lat' dir='ltr'><strong>Domneclius,</strong></span> <span class='ocrx_word' id='word_1_208' title='bbox 885 1967 1108 2011; x_wconf 82' lang='lat' dir='ltr'><strong>Adjatorix&#39;s</strong></span> <span class='ocrx_word' id='word_1_209' title='bbox 1141 1969 1274 2008; x_wconf 83' lang='lat' dir='ltr'><strong>father.</strong></span> <span class='ocrx_word' id='word_1_210' title='bbox 1313 1979 1387 2007; x_wconf 73' lang='lat' dir='ltr'><strong>was</strong></span> 
     </span>
     <span class='ocr_line' id='line_1_29' title="bbox 183 2011 878 2055; baseline -0.001 -9"><span class='ocrx_word' id='word_1_211' title='bbox 183 2012 398 2047; x_wconf 80' lang='lat' dir='ltr'><strong>afterwards</strong></span> <span class='ocrx_word' id='word_1_212' title='bbox 415 2011 589 2046; x_wconf 84' lang='lat' dir='ltr'><strong>executed</strong></span> <span class='ocrx_word' id='word_1_213' title='bbox 606 2012 656 2055; x_wconf 91' lang='lat' dir='ltr'><strong>by</strong></span> <span class='ocrx_word' id='word_1_214' title='bbox 674 2012 878 2055; x_wconf 86' lang='lat' dir='ltr'><strong>Augustus.</strong></span> 
     </span>
    </p>
   </div>
   <div class='ocr_carea' id='block_1_4' title="bbox 186 2069 261 2104">
    <p class='ocr_par' dir='ltr' id='par_1_4' title="bbox 186 2069 261 2104">
     <span class='ocr_line' id='line_1_30' title="bbox 186 2069 261 2104; baseline 0 0"><span class='ocrx_word' id='word_1_215' title='bbox 186 2069 261 2104; x_wconf 84' lang='lat'><strong>130</strong></span> 
     </span>
    </p>
   </div>
  </div>
 </body>
</html>
