1442 2392
108 564 124 597 1

656 117 858 158 CICERO

705 267 811 317 vlu

342 390 391 419 Μ.
415 391 456 418 Τ.
483 393 518 419 C.
546 392 777 418 PROCONSUL
801 392 834 419 S.
862 393 903 419 D.
931 392 978 420 M.
1005 392 1147 421 CAELIO

568 482 733 523 Athenis,
750 494 859 517 A.u.c.
877 485 897 516 ’ἵ
899 485 956 516 03.

204 559 315 608 Quid
332 560 347 598 ?
388 565 435 610 tu
454 573 521 598 me
541 559 617 599 hoc
632 561 708 599 tibi
723 561 940 600 mandasse
960 563 1185 608 existimas,
1199 566 1248 600 ut
1264 559 1366 601 mihi

152 622 428 674 gladiatorum
458 625 788 674 compositiones,
819 629 868 662 ut
897 623 1131 662 vadimonia
1160 622 1290 663 dilata
1318 626 1367 662 et

153 684 315 723 Chresti
343 685 675 736 compilationem
702 684 905 732 mitteres,
934 691 979 725 et
1006 690 1070 733 ea,
1098 686 1205 738 quae
1233 686 1364 733 nobis,

152 760 246 785 curn
278 747 434 786 Romae
466 761 620 794 sumus,
651 761 817 786 narrare
849 761 971 787 nemo
1004 738 1190 788 audeat?
1243 735 1368 795 Vid'e',

152 815 355 861 quantum
385 810 463 848 tibi
491 823 585 849 meo
614 810 764 849 iudicio
794 811 974 850 tribuam
1006 811 1101 863 (nec
1127 803 1367 853 mehercule

151 874 312 918 iniuria,
359 872 663 923 πολιτικώτερον
719 876 830 911 enim
877 879 922 912 te
973 873 1107 912 adhuc
1155 876 1366 913 neminem

152 934 369 986 cognovi);
415 947 469 973 ne
498 935 568 973 illa
598 935 767 987 quidem
794 939 895 974 'curo
925 935 1025 974 mihi
1055 937 1223 982 scribas,
1255 948 1364 988 quae

157 999 346 1035 maximis
369 999 411 1034 in
431 997 553 1034 rebus
577 996 825 1047 reipublicae
848 1003 1050 1049 geruntur
1071 997 1270 1049 quotidie,
1289 999 1365 1036 nisi

159 1059 258 1112 quid
278 1059 329 1097 ad
353 1072 420 1097 me
446 1062 580 1110 ipsum
607 1059 846 1109 pertinebit.
902 1059 1092 1099 Scribent
1118 1058 1185 1097 alii
1200 1064 1214 1104 '3
1230 1058 1364 1097 multi

158 1123 422 1161 nuntiabunt.
500 1121 689 1160 Perferet
732 1121 865 1160 multa
910 1125 1037 1161 etiam
1082 1124 1171 1172 ipse
1202 1125 1367 1170 'rumo'n

155 1183 293 1232 Quare
315 1197 393 1236 ego
413 1197 490 1222 nec
508 1186 736 1235 praeterita
755 1197 832 1222 nec
851 1186 1087 1234 praesentia
1106 1183 1179 1222 abs
1198 1188 1258 1229 te,
1277 1174 1369 1229 sed,

154 1252 203 1286 ut
223 1248 276 1285 ab
296 1246 460 1285 homine
481 1247 603 1298 longe
623 1250 665 1284 in
684 1252 896 1297 posterum
916 1249 1207 1298 prospiciente,
1225 1245 1368 1296 futura

155 1315 366 1361 exspecto,
388 1315 436 1348 ut
458 1322 510 1347 ex
532 1312 613 1348 tuis
635 1309 784 1347 litteris
806 1323 900 1347 cum
921 1308 1095 1347 formam
1115 1308 1365 1360 reipublicae

155 1373 340 1419 viderim,
366 1372 487 1424 quale
514 1372 744 1410 aedificium
769 1371 955 1410 futurum
980 1375 1048 1418 sit,
1073 1374 1174 1410 scire
1198 1374 1367 1423 possinn>

156 1435 302 1487 Neque
349 1440 492 1473 tamen
539 1435 672 1473 adhuc
718 1434 866 1481 habeo,
914 1434 1024 1486 quod
1070 1440 1115 1473 te
1162 1426 1364 1474 accusem.

156 1497 302 1550 Neque
338 1500 447 1535 enim
482 1496 575 1543 fuit,
611 1497 722 1549 quod
756 1503 803 1535 tu
837 1496 927 1549 plus
961 1496 1176 1548 providere
1209 1509 1364 1548 posses,

155 1574 279 1611 quam
313 1563 443 1611 quivis
477 1565 676 1605 nostrum,
709 1562 752 1597 in
784 1562 1007 1611 primisque
1042 1573 1134 1611 ego,
1168 1562 1239 1612 qui
1271 1573 1364 1613 cum

156 1622 352 1674 Pompeio
382 1622 610 1673 complures
641 1622 728 1660 dies
759 1622 877 1660 nullis
908 1625 951 1660 in
981 1621 1086 1668 aliis,
1113 1625 1189 1661 nisi
1219 1621 1272 1660 de
1301 1612 1366 1673 re-v

156 1686 332 1737 publica,
350 1686 604 1724 sermonibus
622 1691 807 1723 versatus
825 1698 929 1731 sum,
953 1698 1060 1736 quae
1089 1698 1166 1723 nec
1192 1690 1366 1736 possunt

206 1802 221 1818 ⁰
245 1798 278 1830 A
293 1797 451 1831 talented
466 1797 531 1831 but
545 1797 732 1840 profligate
748 1808 872 1839 young
886 1797 1090 1835 nobleman‚
1105 1797 1224 1830 whom
1239 1796 1365 1836 Cicero

159 1840 335 1875 defended
358 1843 394 1874 in
415 1843 458 1874 56
482 1852 547 1874 13.c.
570 1842 606 1874 in
627 1841 688 1874 the
709 1841 783 1873 Pro
805 1841 939 1873 Caelio.
989 1840 1046 1873 He
1067 1851 1140 1874 was
1162 1839 1305 1874 tribune
1325 1838 1363 1875 of

159 1885 219 1918 the
236 1885 336 1926 plebs
354 1886 390 1917 in
407 1886 463 1922 52,
480 1883 550 1917 and
569 1884 691 1917 curule
708 1884 822 1917 aedile
847 1886 882 1916 in
907 1886 962 1916 50.
1012 1883 1069 1917 He
1085 1882 1208 1926 joined
1230 1883 1357 1921 Caesa}

159 1929 195 1961 in
212 1930 255 1960 4-9
268 1927 340 1960 and
354 1928 500 1961 became
516 1931 659 1970 praetor
675 1929 710 1960 in
724 1930 780 1960 48.
831 1927 901 1960 For
917 1938 939 1960 a
949 1926 1056 1960 fuller
1067 1930 1221 1961 account
1232 1926 1273 1960 of
1285 1927 1362 1960 him

160 1981 218 2004 see
233 1971 294 2004 the
311 1971 559 2013 introductory
576 1974 658 2004 note
675 1974 712 2003 to
727 1972 800 2003 viii.
822 1974 851 2003 1.

205 2015 218 2036 ⁶
241 2015 366 2048 Cicero
382 2014 454 2048 had
472 2018 545 2048 met
561 2014 723 2058 Pompey
739 2018 776 2047 at
791 2014 1002 2048 Tarentum.

164 2066 241 2106 116
