1442 2392
158 614 176 647 1

702 121 906 160 CICERO

776 283 835 323 IV

525 409 572 438 Μ.
598 410 637 436 Τ.
665 411 700 437 C.
727 410 759 436 S.
789 411 828 436 D.
857 411 891 436 C.
919 410 1086 437 CURIONI

608 509 758 550 Romae,
775 521 883 543 A.u.c.
902 513 980 544 701.

255 604 535 656 Epistularum
567 617 722 656 genera
747 604 879 643 multa
905 618 994 643 esse
1021 619 1102 643 non
1135 608 1311 657 ignoras,
1338 605 1411 645 sed

204 685 331 710 unum
369 670 469 708 illud
506 673 792 716 certissimum,
829 673 943 708 cuius
981 684 1103 709 causa
1139 673 1308 710 inventa
1347 685 1412 711 res

203 740 292 788 ipsa
307 742 384 781 est,
399 741 446 774 ut
459 738 653 774 certiores
667 734 895 773 faceremus
909 736 1116 782 absentes,
1130 738 1163 775 si
1177 737 1276 788 quid
1290 743 1414 783 esset,

207 801 317 853 quod
355 814 424 839 eos
455 803 556 839 scire
588 806 662 839 aut
691 806 832 839 nostra
862 807 935 839 aut
971 804 1151 852 ipsorum
1180 805 1414 841 interesset.

208 868 340 905 Huius
364 869 526 918 generis
550 866 710 904 litteras
734 880 758 904 a
781 879 848 904 me
871 865 1057 917 profecto
1080 880 1163 905 non
1186 873 1415 918 exspectas.

205 933 386 971 Tuarum
401 934 511 970 enim
525 945 662 970 rerum
674 931 920 970 domesticos
939 931 1066 970 habes
1082 938 1126 971 et
1140 935 1357 984 scriptores
1372 939 1416 972 et

209 1000 388 1036 nuntios.
443 997 493 1035 In
519 1000 620 1035 meis
649 1002 790 1035 autem
817 998 939 1035 rebus
966 997 1066 1035 nihil
1093 1003 1158 1036 est
1184 1011 1282 1036 sane
1308 1001 1415 1037 novi.

209 1062 384 1114 Reliqua
425 1068 521 1100 sunt
562 1062 830 1113 epistularum
870 1075 1026 1114 genera
1066 1063 1161 1110 duo,
1202 1076 1310 1116 quae
1349 1076 1416 1102 me

210 1141 361 1180 magno
385 1140 509 1178 opere
534 1127 759 1173 delectant,
783 1141 910 1165 unum
934 1126 1133 1166 familiare
1158 1134 1203 1167 et
1224 1131 1418 1175 iocosum,

211 1193 387 1231 alterum
413 1206 601 1230 severum
627 1198 671 1230 et
695 1206 834 1244 grave.
890 1193 996 1231 Utro
1020 1207 1087 1232 me
1113 1196 1246 1232 minus
1271 1193 1420 1233 deceat

211 1261 287 1304 uti,
332 1272 414 1296 non
457 1258 657 1309 intelligo.
712 1257 881 1296 Iocerne
926 1264 1065 1296 tecum
1109 1271 1184 1309 per
1226 1258 1418 1298 litteras?

211 1326 342 1362 civem
366 1322 600 1361 mehercule
626 1336 707 1360 non
731 1329 834 1374 puto
859 1336 963 1369 esse,
987 1326 1057 1375 qui
1082 1324 1335 1375 temporibus
1357 1323 1420 1363 his

212 1388 346 1426 ridere
381 1390 523 1439 possit.
577 1387 644 1426 An
679 1390 841 1439 gravius
877 1388 1031 1440 aliquid
1065 1389 1272 1427 scribam?
1321 1388 1421 1441 quid

214 1460 292 1499 est,
323 1453 434 1505 quod
462 1455 592 1504 possit
621 1455 802 1504 graviter
831 1467 856 1491 a
886 1453 1081 1492 Cicerone
1111 1454 1231 1492 scribi
1261 1453 1314 1493 ad
1342 1453 1420 1493 Cu-

213 1522 384 1564 rionem,
418 1521 495 1556 nisi
528 1518 580 1556 de
614 1518 855 1569 republica?
909 1519 1051 1570 Atque
1084 1521 1127 1557 in
1160 1519 1236 1558 hoc
1268 1533 1421 1571 genere

214 1583 317 1622 haec
329 1596 423 1622 mea
435 1597 558 1622 causa
571 1589 649 1629 est,
663 1589 710 1621 ut
723 1597 858 1635 neque
873 1596 936 1630 ea,
949 1597 1056 1635 quae
1069 1587 1204 1623 sentio
1216 1585 1423 1631 audeam,¹

215 1662 292 1687 nec
319 1662 426 1700 quae
454 1662 535 1686 non
563 1651 711 1694 sentio,
740 1648 860 1687 velim
887 1650 1078 1687 scribere.
1131 1649 1424 1697 Quamobrem,

216 1717 409 1765 quoniam
450 1713 549 1751 mihi
591 1713 747 1751 nullum
789 1714 990 1752 scribendi
1033 1720 1323 1765 argumentum
1362 1727 1426 1754 re-

216 1778 359 1817 lictum
393 1784 471 1824 est,
504 1784 598 1816 utar
631 1792 681 1817 ea
713 1778 907 1824 clausula,
941 1792 1022 1830 qua
1055 1779 1179 1825 soleo,
1213 1785 1339 1831 teque
1373 1779 1426 1818 ad

217 1844 399 1882 studium
427 1857 612 1882 summae
640 1843 771 1882 laudis
799 1844 1055 1882 cohortabor.
1109 1844 1186 1883 Est
1213 1847 1323 1882 enim
1350 1845 1426 1884 tibi

216 1911 350 1960 gravis
390 1908 621 1946 adversaria
654 1911 881 1951 constituta
918 1914 962 1947 et
999 1914 1145 1959 parata
1181 1909 1426 1949 incredibilis

515 2017 530 2041 ²
552 2018 706 2053 audeam
725 2020 879 2053 inserted
895 2020 937 2063 by
957 2020 1118 2063 Madviq.

228 2075 306 2111 100
