1442 2392
675 154 879 194 CICERO

177 261 389 310 ignoscere
418 258 682 298 haesitationi
709 272 843 298 meae.
897 259 988 311 Ego
1015 273 1113 300 vero
1140 260 1262 300 velim
1288 260 1386 303 mihi

178 323 417 375 Tulliaeque
444 337 577 370 meae,
604 327 710 362 sicut
736 329 783 362 tu
811 327 1053 363 amicissime
1080 331 1125 364 et
1150 323 1387 365 suavissime

179 395 312 440 optas,
335 402 529 440 prospere
554 392 718 427 evenire
744 402 807 435 ea,
832 403 939 441 quae
962 403 1030 429 me
1053 393 1253 429 insciente
1276 390 1388 435 facta

177 460 275 493 sunt
311 467 335 492 a
370 457 500 492 meis:
551 454 625 492 sed
660 457 720 492 ita
755 455 963 502 cecidisse,
996 460 1044 494 ut
1079 461 1303 508 agerentur
1328 469 1388 506 veo

180 525 366 570 tempore
381 519 516 571 (spero
531 522 695 558 omnino
709 533 802 558 cum
817 519 954 571 aliqua
966 519 1180 568 felicitate,
1193 527 1238 560 et
1251 521 1386 574 opto);

179 590 463 622 verumtamen
493 584 584 634 plus
616 597 683 622 me
715 587 757 622 in
789 584 866 623 hac
897 598 970 636 spe
1002 591 1076 624 tua
1106 588 1311 637 sapientia
1341 592 1387 626 et

178 650 411 688 humanitas
438 649 684 696 consolatur,
712 663 836 701 quam
863 653 1149 701 opportunitas
1175 654 1385 703 temporis.

180 715 342 766 Itaque,
371 715 718 766 quemadmodum
747 715 964 766 expediam
994 718 1153 755 exitum
1180 715 1299 755 huius
1325 719 1386 755 in-

177 783 350 819 stitutae
371 782 579 826 orationis,
601 794 683 818 non
703 783 876 831 reperio.
930 780 1076 832 Neque
1099 784 1208 820 enim
1229 784 1385 821 tristius

177 846 313 883 dicere
350 845 575 896 quidquam
612 845 745 883 debeo
782 859 832 884 ea
868 845 920 884 de
957 859 1016 892 re,
1053 860 1177 898 quam
1213 853 1261 886 tu
1296 849 1384 899 ipse

178 911 380 949 ominibus
407 913 572 961 optimis
594 913 866 962 prosequeris,
891 924 1026 962 neque
1053 925 1135 950 non
1156 925 1224 950 me
1242 917 1385 951 tamen

177 975 339 1014 mordet
372 975 553 1026 aliquid;
600 978 643 1013 in
675 989 757 1027 quo
790 989 917 1014 unum
949 990 1031 1014 non
1063 990 1220 1023 vereor,
1252 990 1305 1016 ne
1336 983 1384 1016 tu

176 1054 321 1092 parum
343 1043 579 1091 perspicias,
605 1053 668 1086 ea,
694 1054 800 1092 quae
824 1047 945 1092 gesta
969 1047 1080 1088 sunt,
1105 1042 1158 1080 ab
1182 1042 1270 1081 aliis
1294 1055 1384 1082 esse

177 1112 311 1158 gesta,
332 1106 479 1157 quibus
505 1119 583 1157 ego
607 1108 667 1144 ita
684 1106 938 1152 mandaram,
963 1112 1011 1145 ut
1034 1120 1127 1145 cum
1151 1112 1238 1146 tam
1261 1107 1383 1160 longe

176 1170 392 1210 abfuturus
416 1183 562 1217 essem,
586 1171 639 1209 ad
660 1184 727 1209 me
751 1184 802 1209 ne
825 1171 1042 1218 referrent,
1064 1178 1252 1224 agerent,
1273 1173 1384 1225 quod

175 1238 431 1287 probassent.
501 1235 550 1274 In
596 1236 672 1274 hoc
719 1242 860 1274 autem
905 1236 1005 1275 mihi
1050 1236 1151 1276 illud
1195 1241 1384 1287 occurrit,

175 1301 285 1349 Quid
309 1307 356 1340 tu
379 1304 519 1352 igitur,
543 1303 576 1339 si
601 1300 833 1340 adfuisses?
899 1301 1003 1340 Rem
1025 1303 1292 1353 probassem;
1329 1303 1383 1342 de

173 1372 375 1418 tempore,
403 1365 502 1404 nihil
530 1372 573 1404 te
601 1368 743 1412 invito,
772 1365 871 1404 nihil
899 1369 986 1404 sine
1014 1366 1180 1406 consilio
1207 1370 1383 1420 egissem

174 1437 261 1470 tuo.
314 1431 439 1470 Vides
490 1431 637 1469 sudare
689 1444 770 1477 me,
821 1431 1061 1470 iamdudum
1111 1422 1383 1480 laborantem,

174 1497 378 1548 quomodo
398 1509 449 1534 ea
467 1502 601 1542 tuear,
621 1509 728 1547 quae
747 1496 847 1534 mihi
867 1497 1024 1535 tuenda
1042 1503 1153 1543 sunt,
1173 1503 1219 1536 et
1237 1503 1281 1536 te
1300 1511 1382 1537 non

174 1561 393 1600 offendam.
447 1561 560 1599 Leva
590 1574 658 1599 me
689 1564 816 1613 igitur
847 1561 923 1600 hoc
954 1575 1093 1601 onere.
1147 1561 1382 1615 Numquam

174 1630 283 1665 enim
303 1626 403 1664 mihi
423 1626 563 1665 videor
583 1632 782 1665 tractasse
802 1640 967 1665 causam
987 1627 1265 1667 difficiliorem.
1316 1627 1382 1667 Sic

174 1692 327 1731 habeto
365 1697 535 1738 tamen3
579 1694 655 1730 nisi
682 1694 765 1730 iam
792 1698 892 1730 tunc
918 1694 1056 1730 omnia
1093 1695 1262 1744 negotia
1287 1706 1381 1732 cum

173 1771 333 1796 summa
377 1763 451 1795 tua
495 1757 700 1808 dignitate
745 1756 1057 1808 diligentissime
1101 1757 1381 1806 confecissem,

174 1825 341 1861 tametsi
366 1822 465 1859 nihil
490 1822 707 1860 videbatur
731 1822 784 1860 ad
807 1835 947 1860 meum
971 1835 1071 1874 erga
1094 1828 1139 1861 te
1163 1826 1380 1874 pristinum

226 1922 240 1937 ‘¹
266 1917 418 1951 Cicero's
442 1917 620 1960 daughter
642 1917 734 1957 who,
750 1915 891 1960 >during
913 1918 976 1951 her
997 1917 1145 1951 father's
1167 1917 1321 1952 absence
1340 1919 1378 1952 in

179 1960 314 1999 Cilicia,
332 1960 404 1994 had
422 1961 573 1994 married
592 1961 790 1994 Dolabella.

227 2005 240 2024 ⁶
266 2005 315 2037 At
330 2005 390 2038 the
405 2015 491 2046 very
506 2006 591 2038 time
607 2005 685 2037 that
699 2004 816 2037 Tullia
833 2003 986 2038 married
1002 2004 1088 2043 him,
1105 2003 1292 2038 Dolabella
1305 2014 1379 2039 was

180 2049 409 2090 prosecuting
425 2048 566 2090 Appius
582 2047 754 2081 Claudius
770 2058 817 2081 on
833 2059 856 2080 a
871 2048 1004 2090 charge
1019 2047 1060 2082 of
1072 2047 1248 2081 maiestas.

186 2104 264 2138 240
