1442 2392
695 120 899 160 CICERO

733 226 858 265 XXII

620 326 764 353 CICERO
792 327 967 354 DOMITIO

612 400 761 441 Romae,
778 412 886 435 A.u.c.
904 403 984 435 ¹708.

158 484 174 516 1
247 478 340 517 Non
370 491 419 517 ea
445 492 511 517 res
539 492 606 517 me
630 479 833 517 deterruit
855 493 936 530 quo
959 482 1107 526 minus,
1128 485 1398 532 posteaquam

192 535 235 571 in
261 533 424 571 Italiam
447 536 609 579 venisti,
633 533 793 572 litteras
818 534 872 572 ad
895 539 939 572 te
963 536 1189 580 mitterem,
1214 534 1327 586 quod
1349 540 1397 573 tu

194 587 248 626 ad
259 601 326 626 me
338 587 468 626 nullas
481 590 662 634 miseras,
675 587 749 626 sed
761 590 857 639 quia
869 601 960 634 nec,
972 588 1072 639 quid
1083 589 1159 627 tibi
1170 588 1399 640 pollicerer,

193 644 281 693 ipse
304 655 430 693 egens
451 643 573 680 rebus
595 643 796 688 omnibus,
818 655 908 688 nec,
931 642 1030 694 quid
1051 642 1282 689 suaderem,
1303 655 1398 690 cum

193 696 459 747 mihimetipsi
473 696 684 735 eonsilium
699 696 878 742 deesset,
893 710 984 742 nec,
999 696 1100 748 quid
1112 696 1399 741 consolationis

195 749 383 789 afferrem
409 753 451 788 in
478 753 605 789 tantis
632 750 762 797 malis,
789 751 1060 802 reperiebam.
1115 750 1231 790 Haec
1257 764 1398 804 quam-

195 818 319 856 quam
345 805 470 843 nihilo
496 805 665 843 meliora
691 810 787 843 sunt
813 819 934 851 nunc,
960 810 1088 857 atque
1115 807 1242 844 etiam
1267 805 1400 844 multo

195 860 487 910 desperatiora,
509 865 651 898 tamen
671 861 813 897 inanes
835 872 926 898 esse
945 872 1059 898 meas
1078 859 1254 906 litteras,
1274 872 1399 912 quam

155 919 176 951 2
194 913 339 960 nullas,
359 913 498 952 malui.
551 914 655 965 Ego,
675 916 709 951 si
727 919 772 952 te
790 913 1077 965 intellegerem
1094 913 1186 964 plus
1205 919 1398 953 conatum

196 981 285 1007 esse
329 970 534 1019 suscipere
577 967 826 1019 reipublicae
870 981 992 1014 causa
1035 970 1230 1014 muneris,
1274 981 1399 1020 quam

195 1027 397 1074 quantum
419 1027 630 1073 praestare
653 1025 871 1073 potuisses,
894 1027 1050 1068 tamen,
1074 1022 1399 1074 quibuscumque

193 1077 316 1115 rebus
337 1089 514 1128 possem,
536 1076 590 1115 ad
613 1089 704 1114 eam
726 1076 1006 1115 condicionem
1027 1081 1072 1115 te
1093 1076 1270 1123 vivendi,
1290 1089 1397 1128 quae

195 1131 376 1177 daretur,
405 1143 595 1183 quaeque
624 1136 748 1177 esset,
776 1130 976 1170 hortarer.
1029 1129 1112 1170 Sed
1138 1143 1233 1169 cum
1259 1130 1399 1170 consili

194 1188 256 1224 tui
271 1186 378 1224 bene
392 1184 639 1236 fortiterque
654 1187 833 1236 suscepti
849 1198 944 1223 eum
959 1185 1035 1223 tibi
1051 1184 1176 1223 finem
1190 1187 1398 1231 statueris,

195 1253 320 1292 quem
331 1242 419 1291 ipsa
430 1238 597 1278 fortuna
608 1241 832 1278 terminum
843 1244 1075 1278 nostrarum
1086 1241 1398 1278 contentionum

196 1307 286 1333 esse
309 1294 517 1340 voluisset,
541 1307 612 1332 oro
635 1294 903 1345 obtestorque
927 1299 972 1332 te
994 1306 1069 1344 pro
1092 1298 1236 1332 vetere
1259 1298 1401 1332 nostra

194 1350 479 1387 coniunctione
499 1361 547 1386 ac
566 1347 869 1386 necessitudine
888 1360 1045 1399 proque
1065 1360 1226 1387 summa
1243 1360 1338 1386 mea
1355 1349 1399 1386 in

194 1408 239 1441 te
253 1402 540 1441 benevolentia
555 1407 599 1441 et
613 1407 686 1440 tua
700 1405 743 1440 in
756 1415 823 1440 me
837 1404 940 1453 pari,
954 1407 999 1440 te
1013 1407 1061 1440 ut
1074 1402 1206 1448 nobis,
1218 1403 1397 1453 parenti,

193 1459 356 1509 coniugi
376 1459 541 1509 tuisque
562 1457 764 1502 omnibus,
785 1457 932 1508 quibus
954 1469 998 1495 es
1018 1455 1215 1508 fuistique
1235 1468 1399 1507 semper

246 1590 261 1606 ⁸
285 1584 360 1619 Son
400 1585 441 1618 of
477 1584 610 1618 Lucius
650 1584 829 1618 Domitius
869 1583 1144 1623 Ahenobarbus,
1183 1594 1207 1617 a
1245 1583 1397 1617 staunch

197 1630 394 1668 aristocrat,
420 1629 501 1661 who
526 1639 599 1662 was
625 1627 823 1670 compelled
849 1627 899 1670 by
925 1627 980 1661 his
1005 1638 1086 1661 own
1111 1630 1232 1670 troops
1257 1630 1296 1660 to
1320 1637 1400 1661 sur-

200 1672 327 1706 render
357 1676 394 1706 to
426 1672 558 1706 Caesar
588 1674 627 1705 at
659 1671 857 1705 Corfinium
888 1672 925 1704 in
956 1673 1013 1704 49.
1074 1671 1132 1704 He
1161 1669 1400 1704 commanded

199 1716 390 1759 Pompey’s
412 1715 476 1749 left
497 1717 594 1758 wing
614 1718 653 1748 at
673 1715 735 1748 the
757 1714 868 1748 battle
890 1714 931 1748 of
951 1714 1147 1754 Pharsalia,
1170 1714 1243 1747 and
1265 1713 1325 1747 fell
1348 1713 1398 1757 by

197 1760 258 1793 the
285 1759 383 1792 hand
411 1759 452 1792 of
476 1759 636 1801 Antony.
685 1758 752 1792 His
779 1769 845 1792 son
874 1758 1031 1797 Gnaeus,
1060 1761 1098 1791 to
1126 1758 1244 1791 whom
1272 1757 1398 1791 Cicero

198 1805 325 1842 writes,
345 1813 418 1836 was
436 1802 513 1836 also
531 1805 674 1845 present
692 1805 730 1835 at
751 1802 946 1840 Pharsalia,
966 1802 1032 1835 but
1050 1811 1123 1834 was
1142 1800 1327 1844 pardoned
1347 1801 1396 1844 by

198 1847 341 1885 Caesar,
351 1845 423 1879 and
438 1845 605 1880 returned
617 1849 654 1879 to
669 1845 763 1887 Italy
774 1847 810 1878 in
821 1848 877 1884 46,
889 1845 981 1878 after
989 1845 1050 1878 the
1060 1845 1171 1878 battle
1181 1844 1222 1878 of
1231 1844 1399 1887 Thapsus

198 1892 234 1923 in
261 1891 339 1924 that
363 1901 460 1932 year.
508 1889 566 1923 He
590 1900 663 1922 was
689 1888 843 1922 inclined
868 1890 905 1922 in
931 1889 986 1922 his
1007 1888 1153 1932 despair
1177 1891 1215 1922 to
1234 1887 1313 1932 join
1338 1888 1398 1922 the

197 1937 379 1967 remnants
400 1933 440 1966 of
457 1933 519 1966 the
540 1933 736 1975 Pompeian
758 1935 864 1975 party
885 1933 922 1966 in
944 1931 1069 1975 Spain,
1093 1932 1158 1965 but
1179 1931 1303 1966 Cicero
1323 1930 1396 1965 had

195 1976 387 2011 dissuaded
404 1977 479 2010 him
495 1976 588 2010 from
604 1976 717 2019 doing
732 1986 783 2009 so.

244 2020 258 2041 θ
283 2022 352 2060 ia..
368 2024 407 2054 to
422 2020 543 2054 follow
558 2031 649 2063 your
665 2019 769 2053 uncle
785 2019 876 2053 Cato
887 2022 926 2053 to
936 2018 1061 2053 Africa
1072 2018 1145 2052 and
1156 2018 1248 2060 fight
1263 2017 1376 2053 there.

195 2071 275 2112 516
