1442 2392
668 135 872 175 CICERO

165 244 231 277 est
256 241 398 286 virtus,
418 245 466 278 ut
491 239 615 278 Stoici
641 244 868 279 rectissime
886 247 1053 292 putant,
1071 241 1197 282 ullam
1221 242 1376 294 Appie-

165 306 299 339 tatem
322 307 395 340 aut
418 301 720 341 Lentulitatem
743 304 879 342 valere
902 305 1013 355 apud
1034 318 1102 343 me
1122 305 1229 357 plus,
1251 319 1378 357 quam

166 370 409 403 ornamenta
436 368 613 411 virtutis,
637 367 881 405 existimas?
935 367 1040 406 Cum
1062 381 1114 407 ea
1133 373 1377 408 consecutus

166 427 348 465 nondum
394 440 521 474 eram,
568 441 675 479 quae
721 434 818 467 sunt
862 428 1075 469 hominum
1120 431 1377 482 opinionibus

166 489 428 539 amplissima,
465 495 609 528 tamen
654 493 735 529 ista
772 497 909 530 vestra
950 495 1116 531 nomina
1152 507 1378 545 numquam
1425 535 1430 539 ,

165 564 255 588 sum
279 551 503 590 admiratus
521 565 531 598 ;
569 555 673 591 viros
697 566 780 599 eos,
803 556 873 605 qui
896 567 946 592 ea
969 555 1081 593 vobis
1102 555 1377 608 reliquissent,

166 627 336 664 magnos
365 615 607 653 arbitrabar.
662 615 812 654 Postea
839 630 949 663 vero,
977 631 1102 669 quam
1128 621 1189 657 ita
1216 625 1261 657 et
1287 621 1377 670 cepi

166 681 210 713 et
242 678 353 727 gessi
382 679 563 715 maxima
595 680 780 728 imperia,
813 685 861 717 ut
892 679 992 717 mihi
1024 679 1124 721 nihil
1156 693 1291 732 neque
1325 681 1377 720 ad

167 737 364 776 honorem
383 752 519 790 neque
540 739 592 777 ad
617 740 789 791 gloriam
809 741 953 780 deesse
972 748 1179 793 putarem,
1198 747 1378 795 superio-

165 813 253 838 rem
273 801 440 852 quidem
468 815 708 853 numquam,
727 803 802 841 sed
828 817 971 854 parem
990 805 1104 844 vobis
1131 818 1200 844 mc
1217 809 1378 857 speravi

166 875 256 901 esse
277 862 449 901 factum.
503 863 604 910 Nec,
625 864 874 912 mehercule,
897 866 1017 905 aliter
1037 867 1119 906 vidi
1141 870 1378 908 existimare

165 925 231 963 vel
267 925 342 963 Cn.
380 925 636 976 Pompeium,
674 941 798 979 quem
835 930 1038 976 omnibus,
1074 933 1145 982 qui
1181 945 1378 984 umquam

165 987 348 1034 fuerunt,
371 988 436 1026 vel
458 988 504 1027 P.
527 989 766 1036 Lentulum,
789 1004 914 1042 quem
935 992 1035 1030 mihi
1055 995 1134 1044 ipsi
1155 986 1378 1046 antepono.

164 1050 227 1088 Tu
258 1054 291 1089 si
323 1051 442 1089 aliter
473 1055 698 1100 existimas,
729 1054 830 1091 nihil
860 1056 1027 1102 errabis,
1058 1059 1092 1094 si
1121 1057 1259 1107 paullo
1290 1058 1378 1097 dili-

164 1117 330 1164 gentius
355 1114 433 1166 (ut,
453 1115 552 1166 quid
577 1118 631 1154 sit
658 1115 837 1167 εὐγένεια,
854 1117 953 1169 quid
981 1117 1112 1169 ἐξοχή,
1127 1119 1377 1174 intellegas),

164 1176 471 1222 Athenodorus,
489 1177 688 1216 Sandonis
707 1179 826 1225 filius,
845 1180 944 1231 quid
961 1180 1013 1219 de
1031 1180 1093 1220 his
1110 1183 1234 1221 rebus
1251 1183 1377 1231 dicat,

116 1243 138 1276 6
166 1239 408 1278 attenderis.
461 1239 557 1286 Sed,
590 1247 637 1279 ut
670 1241 722 1280 ad
753 1255 841 1280 rem
873 1243 1055 1290 redeam,
1086 1257 1154 1283 me
1186 1245 1263 1284 tibi
1294 1248 1377 1286 non

165 1305 341 1339 amicum
366 1302 503 1348 modo,
529 1316 671 1341 verum
698 1306 824 1343 et'iam
851 1309 1139 1346 amicissimum
1165 1311 1375 1363 existimes

164 1363 300 1402 velim.
354 1363 544 1404 Profecto
564 1368 751 1405 omnibus
770 1370 872 1407 meis
890 1369 1027 1407 officiis
1046 1370 1232 1417 efficiam,
1251 1375 1376 1421 utsita

165 1439 254 1464 esse
283 1440 378 1465 vere
406 1431 534 1478 possis
561 1430 756 1468 iudicare.
808 1430 871 1469 Tu
898 1438 1041 1470 autem
1068 1435 1101 1471 si
1127 1433 1170 1472 id
1198 1437 1299 1486 agiS,
1327 1441 1375 1474 ut

163 1492 298 1528 minus
324 1503 418 1528 mea
443 1504 580 1537 causa,
606 1493 704 1530 dum
732 1506 810 1544 ego
836 1494 981 1540 absim,
1006 1495 1160 1534 debere
1186 1497 1375 1545 videaris,

163 1565 288 1603 quam
308 1565 386 1603 ego
405 1559 478 1591 tua
495 1554 727 1601 laborarim,
746 1556 874 1594 libero
893 1563 936 1595 te
955 1560 1035 1596 ista
1053 1572 1163 1597 cura.

766 1635 853 1685 παρ’
875 1635 961 1687 ἐμοί
980 1653 1023 1689 γε
1043 1637 1107 1674 καὶ
1129 1637 1263 1686 ἄλλοι,

291 1694 332 1732 οἵ
345 1693 386 1731 κὲ
404 1711 450 1744 με
470 1696 696 1746 τιμήσουσι,
709 1697 888 1748 μάλιστα
909 1697 947 1736 δὲ
965 1699 1126 1750 μητίετα
1146 1700 1246 1741 Ζεύς.

162 1772 203 1812 Si
224 1779 365 1811 autem
384 1781 534 1812 natura
553 1788 595 1813 es
616 1776 828 1824 φιλαίτιος,
846 1777 945 1816 illud
969 1792 1050 1817 non
1071 1780 1272 1830 perficies,
1291 1795 1372 1833 quo

215 1907 229 1921 ‘²
254 1901 285 1933 A
311 1900 410 1934 Stoic
432 1902 622 1944 professor,
647 1904 735 1937 born
762 1916 846 1938 near
869 1906 1013 1946 Tarsus,
1038 1907 1118 1940 who
1141 1907 1286 1942 became
1311 1910 1372 1944 the

168 1947 262 1976 tutor
279 1944 319 1977 of
334 1945 531 1987 Augustus.

212 1988 225 2007 ὁ
243 1988 348 2020 Hom.
367 1988 412 2021 Il.
431 1990 453 2021 i.
476 1992 549 2022 174.

211 2035 223 2050 ⁰
249 2033 507 2071 φιλαίτιοςεΙὶῐ.
526 2038 548 2051 “
560 2033 646 2067 fond
664 2034 705 2067 of
717 2035 858 2078 finding
874 2036 1005 2071 fault.”

168 2086 243 2127 194
