<?xml version="1.0" encoding="UTF-8"?>
<!DOCTYPE html PUBLIC "-//W3C//DTD XHTML 1.0 Transitional//EN"
    "http://www.w3.org/TR/xhtml1/DTD/xhtml1-transitional.dtd">
<html xmlns="http://www.w3.org/1999/xhtml" xml:lang="en" lang="en">
 <head>
  <title>
</title>
<meta http-equiv="Content-Type" content="text/html;charset=utf-8" />
  <meta name='ocr-system' content='tesseract 3.04.00' />
  <meta name='ocr-capabilities' content='ocr_page ocr_carea ocr_par ocr_line ocrx_word'/>
</head>
<body>
  <div class='ocr_page' id='page_1' title='image "./letterstohisfrie01ciceuoft_0186.png"; bbox 0 0 1442 2392; ppageno 0'>
   <div class='ocr_carea' id='block_1_1' title="bbox 661 145 865 185">
    <p class='ocr_par' dir='ltr' id='par_1_1' title="bbox 661 145 865 185">
     <span class='ocr_line' id='line_1_1' title="bbox 661 145 865 185; baseline 0.005 -1"><span class='ocrx_word' id='word_1_1' title='bbox 661 145 865 185; x_wconf 83' lang='lat' dir='ltr'>CICERO</span> 
     </span>
    </p>
   </div>
   <div class='ocr_carea' id='block_1_2' title="bbox 110 246 1375 1226">
    <p class='ocr_par' dir='ltr' id='par_1_2' title="bbox 110 246 1370 521">
     <span class='ocr_line' id='line_1_2' title="bbox 110 246 1367 303; baseline -0.002 -13"><span class='ocrx_word' id='word_1_2' title='bbox 110 259 130 290; x_wconf 84' lang='lat'>2</span> <span class='ocrx_word' id='word_1_3' title='bbox 157 254 285 303; x_wconf 87' lang='lat' dir='ltr'><strong>possis</strong></span> <span class='ocrx_word' id='word_1_4' title='bbox 304 253 535 290; x_wconf 87' lang='lat' dir='ltr'><strong>convenire.</strong></span> <span class='ocrx_word' id='word_1_5' title='bbox 590 250 655 288; x_wconf 91' lang='lat' dir='ltr'><strong>De</strong></span> <span class='ocrx_word' id='word_1_6' title='bbox 674 251 901 288; x_wconf 87' lang='lat' dir='ltr'><strong>rationibus</strong></span> <span class='ocrx_word' id='word_1_7' title='bbox 918 249 1159 296; x_wconf 85' lang='lat' dir='ltr'><strong>referendis,</strong></span> <span class='ocrx_word' id='word_1_8' title='bbox 1177 262 1260 288; x_wconf 86' lang='lat' dir='ltr'><strong>non</strong></span> <span class='ocrx_word' id='word_1_9' title='bbox 1278 246 1367 288; x_wconf 64' lang='lat' dir='ltr'><strong>erat</strong></span> 
     </span>
     <span class='ocr_line' id='line_1_3' title="bbox 158 303 1368 355; baseline -0.002 -10"><span class='ocrx_word' id='word_1_10' title='bbox 158 306 461 345; x_wconf 89' lang='lat' dir='ltr'><strong>incommodum</strong></span> <span class='ocrx_word' id='word_1_11' title='bbox 494 311 538 344; x_wconf 89' lang='lat' dir='ltr'><strong>te</strong></span> <span class='ocrx_word' id='word_1_12' title='bbox 571 305 702 342; x_wconf 91' lang='lat' dir='ltr'><strong>nullas</strong></span> <span class='ocrx_word' id='word_1_13' title='bbox 734 303 903 350; x_wconf 87' lang='lat' dir='ltr'><strong>referre,</strong></span> <span class='ocrx_word' id='word_1_14' title='bbox 950 311 1074 355; x_wconf 82' lang='lat' dir='ltr'><strong>quam</strong></span> <span class='ocrx_word' id='word_1_15' title='bbox 1112 305 1188 343; x_wconf 87' lang='lat' dir='ltr'><strong>tibi</strong></span> <span class='ocrx_word' id='word_1_16' title='bbox 1230 304 1368 342; x_wconf 85' lang='lat' dir='ltr'><strong>scribis</strong></span> 
     </span>
     <span class='ocr_line' id='line_1_4' title="bbox 159 357 1369 410; baseline -0.002 -11"><span class='ocrx_word' id='word_1_17' title='bbox 159 375 184 399; x_wconf 87' lang='lat' dir='ltr'><strong>a</strong></span> <span class='ocrx_word' id='word_1_18' title='bbox 211 360 357 399; x_wconf 90' lang='lat' dir='ltr'>Bibulo</span> <span class='ocrx_word' id='word_1_19' title='bbox 386 360 473 398; x_wconf 89' lang='lat' dir='ltr'><strong>fieri</strong></span> <span class='ocrx_word' id='word_1_20' title='bbox 499 365 783 410; x_wconf 87' lang='lat' dir='ltr'><strong>potestatem:</strong></span> <span class='ocrx_word' id='word_1_21' title='bbox 824 358 908 397; x_wconf 87' lang='lat' dir='ltr'><strong>sed&#39;</strong></span> <span class='ocrx_word' id='word_1_22' title='bbox 927 359 970 397; x_wconf 89' lang='lat' dir='ltr'><strong>id</strong></span> <span class='ocrx_word' id='word_1_23' title='bbox 998 361 1064 396; x_wconf 87' lang='lat' dir='ltr'><strong>vix</strong></span> <span class='ocrx_word' id='word_1_24' title='bbox 1093 357 1194 396; x_wconf 90' lang='lat' dir='ltr'><strong>mihi</strong></span> <span class='ocrx_word' id='word_1_25' title='bbox 1221 358 1369 396; x_wconf 85' lang='lat' dir='ltr'><strong>videris</strong></span> 
     </span>
     <span class='ocr_line' id='line_1_5' title="bbox 158 412 1369 466; baseline -0.002 -13"><span class='ocrx_word' id='word_1_26' title='bbox 158 428 234 466; x_wconf 88' lang='lat' dir='ltr'><strong>per</strong></span> <span class='ocrx_word' id='word_1_27' title='bbox 253 415 390 466; x_wconf 87' lang='lat' dir='ltr'><strong>legem</strong></span> <span class='ocrx_word' id='word_1_28' title='bbox 412 414 559 452; x_wconf 89' lang='lat' dir='ltr'><strong>Iuliam</strong></span> <span class='ocrx_word' id='word_1_29' title='bbox 579 412 717 451; x_wconf 87' lang='lat' dir='ltr'><strong>facere</strong></span> <span class='ocrx_word' id='word_1_30' title='bbox 738 426 857 464; x_wconf 87' lang='lat' dir='ltr'><strong>posse</strong></span> <span class='ocrx_word' id='word_1_31' title='bbox 876 426 886 459; x_wconf 95' lang='lat'>;</span> <span class='ocrx_word' id='word_1_32' title='bbox 922 426 1047 464; x_wconf 85' lang='lat' dir='ltr'><strong>quam</strong></span> <span class='ocrx_word' id='word_1_33' title='bbox 1067 412 1236 451; x_wconf 90' lang='lat' dir='ltr'><strong>Bibulus</strong></span> <span class='ocrx_word' id='word_1_34' title='bbox 1256 417 1369 451; x_wconf 79' lang='lat' dir='ltr'><strong>certa</strong></span> 
     </span>
     <span class='ocr_line' id='line_1_6' title="bbox 160 468 1370 521; baseline -0.002 -14"><span class='ocrx_word' id='word_1_35' title='bbox 160 469 340 521; x_wconf 89' lang='lat' dir='ltr'><strong>quadam</strong></span> <span class='ocrx_word' id='word_1_36' title='bbox 366 471 526 506; x_wconf 87' lang='lat' dir='ltr'><strong>ratione</strong></span> <span class='ocrx_word' id='word_1_37' title='bbox 559 481 642 505; x_wconf 92' lang='lat' dir='ltr'><strong>non</strong></span> <span class='ocrx_word' id='word_1_38' title='bbox 671 473 823 513; x_wconf 85' lang='lat' dir='ltr'><strong>servat,</strong></span> <span class='ocrx_word' id='word_1_39' title='bbox 850 468 927 505; x_wconf 89' lang='lat' dir='ltr'><strong>tibi</strong></span> <span class='ocrx_word' id='word_1_40' title='bbox 955 480 1107 518; x_wconf 88' lang='lat' dir='ltr'><strong>magno</strong></span> <span class='ocrx_word' id='word_1_41' title='bbox 1134 479 1259 518; x_wconf 87' lang='lat' dir='ltr'><strong>opere</strong></span> <span class='ocrx_word' id='word_1_42' title='bbox 1287 478 1370 505; x_wconf 74' lang='lat' dir='ltr'><strong>ser—</strong></span> 
     </span>
    </p>

    <p class='ocr_par' dir='ltr' id='par_1_3' title="bbox 113 520 1371 892">
     <span class='ocr_line' id='line_1_7' title="bbox 113 520 1369 572; baseline -0.002 -11"><span class='ocrx_word' id='word_1_43' title='bbox 113 530 132 562; x_wconf 86' lang='lat'>3</span> <span class='ocrx_word' id='word_1_44' title='bbox 161 523 337 561; x_wconf 92' lang='lat' dir='ltr'><strong>vandam</strong></span> <span class='ocrx_word' id='word_1_45' title='bbox 363 536 524 560; x_wconf 90' lang='lat' dir='ltr'><strong>censeo.</strong></span> <span class='ocrx_word' id='word_1_46' title='bbox 579 521 701 569; x_wconf 85' lang='lat' dir='ltr'><strong>Quod</strong></span> <span class='ocrx_word' id='word_1_47' title='bbox 728 522 882 567; x_wconf 87' lang='lat' dir='ltr'><strong>scribis,</strong></span> <span class='ocrx_word' id='word_1_48' title='bbox 906 522 1095 572; x_wconf 82' lang='lat' dir='ltr'><strong>Apamea</strong></span> <span class='ocrx_word' id='word_1_49' title='bbox 1121 520 1369 572; x_wconf 78' lang='lat' dir='ltr'><strong>praesidium</strong></span> 
     </span>
     <span class='ocr_line' id='line_1_8' title="bbox 160 576 1370 627; baseline -0.001 -12"><span class='ocrx_word' id='word_1_50' title='bbox 160 578 308 615; x_wconf 88' lang='lat' dir='ltr'><strong>deduci</strong></span> <span class='ocrx_word' id='word_1_51' title='bbox 331 590 413 614; x_wconf 91' lang='lat' dir='ltr'><strong>non</strong></span> <span class='ocrx_word' id='word_1_52' title='bbox 435 579 679 627; x_wconf 83' lang='lat' dir='ltr'><strong>oportuisse,</strong></span> <span class='ocrx_word' id='word_1_53' title='bbox 702 576 892 614; x_wconf 86' lang='lat' dir='ltr'><strong>videbam</strong></span> <span class='ocrx_word' id='word_1_54' title='bbox 915 576 1025 613; x_wconf 89' lang='lat' dir='ltr'><strong>idem</strong></span> <span class='ocrx_word' id='word_1_55' title='bbox 1048 581 1208 614; x_wconf 89' lang='lat' dir='ltr'><strong>ceteros</strong></span> <span class='ocrx_word' id='word_1_56' title='bbox 1231 577 1370 614; x_wconf 67' lang='lat' dir='ltr'><strong>existi-</strong></span> 
     </span>
     <span class='ocr_line' id='line_1_9' title="bbox 160 629 1370 682; baseline -0.002 -12"><span class='ocrx_word' id='word_1_57' title='bbox 160 645 288 677; x_wconf 84' lang='lat' dir='ltr'><strong>mare,</strong></span> <span class='ocrx_word' id='word_1_58' title='bbox 306 631 562 682; x_wconf 80' lang='lat' dir='ltr'><strong>molesteque</strong></span> <span class='ocrx_word' id='word_1_59' title='bbox 580 630 766 668; x_wconf 85' lang='lat' dir='ltr'><strong>ferebam</strong></span> <span class='ocrx_word' id='word_1_60' title='bbox 784 630 836 668; x_wconf 90' lang='lat' dir='ltr'><strong>de</strong></span> <span class='ocrx_word' id='word_1_61' title='bbox 856 643 906 668; x_wconf 89' lang='lat' dir='ltr'><strong>ea</strong></span> <span class='ocrx_word' id='word_1_62' title='bbox 922 644 967 668; x_wconf 88' lang='lat' dir='ltr'><strong>re</strong></span> <span class='ocrx_word' id='word_1_63' title='bbox 985 633 1119 668; x_wconf 90' lang='lat' dir='ltr'><strong>minus</strong></span> <span class='ocrx_word' id='word_1_64' title='bbox 1136 629 1370 668; x_wconf 81' lang='lat' dir='ltr'><strong>commodos</strong></span> 
     </span>
     <span class='ocr_line' id='line_1_10' title="bbox 161 683 1371 729; baseline -0.001 -6"><span class='ocrx_word' id='word_1_65' title='bbox 161 699 369 724; x_wconf 85' lang='lat' dir='ltr'><strong>sermones</strong></span> <span class='ocrx_word' id='word_1_66' title='bbox 411 685 702 723; x_wconf 82' lang='lat' dir='ltr'><strong>malevolorum</strong></span> <span class='ocrx_word' id='word_1_67' title='bbox 744 683 883 723; x_wconf 88' lang='lat' dir='ltr'><strong>fuisse.</strong></span> <span class='ocrx_word' id='word_1_68' title='bbox 937 683 1078 722; x_wconf 82' lang='lat' dir='ltr'><strong>Parthi</strong></span> <span class='ocrx_word' id='word_1_69' title='bbox 1120 683 1371 729; x_wconf 66' lang='lat' dir='ltr'><strong>transiet-mk,</strong></span> 
     </span>
     <span class='ocr_line' id='line_1_11' title="bbox 161 737 1371 790; baseline -0.002 -12"><span class='ocrx_word' id='word_1_70' title='bbox 161 753 306 786; x_wconf 88' lang='lat' dir='ltr'><strong>necne,</strong></span> <span class='ocrx_word' id='word_1_71' title='bbox 329 746 496 790; x_wconf 88' lang='lat' dir='ltr'><strong>praeter</strong></span> <span class='ocrx_word' id='word_1_72' title='bbox 520 745 563 777; x_wconf 89' lang='lat' dir='ltr'><strong>te</strong></span> <span class='ocrx_word' id='word_1_73' title='bbox 588 739 706 777; x_wconf 91' lang='lat' dir='ltr'><strong>video</strong></span> <span class='ocrx_word' id='word_1_74' title='bbox 730 739 921 777; x_wconf 86' lang='lat' dir='ltr'><strong>dubitare</strong></span> <span class='ocrx_word' id='word_1_75' title='bbox 945 742 1167 777; x_wconf 90' lang='lat' dir='ltr'><strong>neminem.</strong></span> <span class='ocrx_word' id='word_1_76' title='bbox 1222 737 1371 789; x_wconf 88' lang='lat' dir='ltr'><strong>Itaque</strong></span> 
     </span>
     <span class='ocr_line' id='line_1_12' title="bbox 162 793 1371 844; baseline -0.002 -12"><span class='ocrx_word' id='word_1_77' title='bbox 162 797 298 832; x_wconf 86' lang='lat' dir='ltr'><strong>omnia</strong></span> <span class='ocrx_word' id='word_1_78' title='bbox 328 793 546 844; x_wconf 85' lang='lat' dir='ltr'><strong>praesidia,</strong></span> <span class='ocrx_word' id='word_1_79' title='bbox 577 806 683 844; x_wconf 91' lang='lat' dir='ltr'><strong>quae</strong></span> <span class='ocrx_word' id='word_1_80' title='bbox 714 806 866 844; x_wconf 86' lang='lat' dir='ltr'><strong>magna</strong></span> <span class='ocrx_word' id='word_1_81' title='bbox 897 799 941 831; x_wconf 82' lang='lat' dir='ltr'><strong>et</strong></span> <span class='ocrx_word' id='word_1_82' title='bbox 972 793 1088 831; x_wconf 87' lang='lat' dir='ltr'><strong>firma</strong></span> <span class='ocrx_word' id='word_1_83' title='bbox 1117 805 1371 843; x_wconf 85' lang='lat' dir='ltr'><strong>paraveram,</strong></span> 
     </span>
     <span class='ocr_line' id='line_1_13' title="bbox 162 846 1371 892; baseline -0.002 -6"><span class='ocrx_word' id='word_1_84' title='bbox 162 854 390 886; x_wconf 90' lang='lat' dir='ltr'><strong>commotus</strong></span> <span class='ocrx_word' id='word_1_85' title='bbox 433 847 644 885; x_wconf 86' lang='lat' dir='ltr'><strong>hominurn</strong></span> <span class='ocrx_word' id='word_1_86' title='bbox 687 861 769 885; x_wconf 91' lang='lat' dir='ltr'><strong>non</strong></span> <span class='ocrx_word' id='word_1_87' title='bbox 811 847 936 885; x_wconf 92' lang='lat' dir='ltr'><strong>dubio</strong></span> <span class='ocrx_word' id='word_1_88' title='bbox 979 860 1181 892; x_wconf 84' lang='lat' dir='ltr'><strong>sermone,</strong></span> <span class='ocrx_word' id='word_1_89' title='bbox 1224 846 1371 885; x_wconf 90' lang='lat' dir='ltr'><strong>dimisi.</strong></span> 
     </span>
    </p>

    <p class='ocr_par' dir='ltr' id='par_1_4' title="bbox 113 900 1375 1226">
     <span class='ocr_line' id='line_1_14' title="bbox 113 900 1371 953; baseline -0.002 -12"><span class='ocrx_word' id='word_1_90' title='bbox 113 910 134 941; x_wconf 81' lang='lat'>4</span> <span class='ocrx_word' id='word_1_91' title='bbox 162 903 358 941; x_wconf 79' lang='lat' dir='ltr'><strong>Rationes</strong></span> <span class='ocrx_word' id='word_1_92' title='bbox 396 905 477 940; x_wconf 86' lang='lat' dir='ltr'><strong>mei</strong></span> <span class='ocrx_word' id='word_1_93' title='bbox 515 904 744 953; x_wconf 89' lang='lat' dir='ltr'><strong>quaestoris</strong></span> <span class='ocrx_word' id='word_1_94' title='bbox 782 914 858 940; x_wconf 91' lang='lat' dir='ltr'><strong>nec</strong></span> <span class='ocrx_word' id='word_1_95' title='bbox 895 915 1037 939; x_wconf 91' lang='lat' dir='ltr'><strong>verum</strong></span> <span class='ocrx_word' id='word_1_96' title='bbox 1074 900 1154 939; x_wconf 86' lang='lat' dir='ltr'><strong>fuit</strong></span> <span class='ocrx_word' id='word_1_97' title='bbox 1190 914 1258 939; x_wconf 91' lang='lat' dir='ltr'><strong>me</strong></span> <span class='ocrx_word' id='word_1_98' title='bbox 1297 901 1371 939; x_wconf 87' lang='lat' dir='ltr'><strong>tibi</strong></span> 
     </span>
     <span class='ocr_line' id='line_1_15' title="bbox 161 955 1372 1003; baseline -0.002 -8"><span class='ocrx_word' id='word_1_99' title='bbox 161 960 344 1003; x_wconf 88' lang='lat' dir='ltr'><strong>mittere,</strong></span> <span class='ocrx_word' id='word_1_100' title='bbox 395 969 472 994; x_wconf 91' lang='lat' dir='ltr'><strong>nec</strong></span> <span class='ocrx_word' id='word_1_101' title='bbox 522 962 664 994; x_wconf 87' lang='lat' dir='ltr'><strong>tamen</strong></span> <span class='ocrx_word' id='word_1_102' title='bbox 716 961 835 994; x_wconf 90' lang='lat' dir='ltr'><strong>erant</strong></span> <span class='ocrx_word' id='word_1_103' title='bbox 885 955 1113 994; x_wconf 87' lang='lat' dir='ltr'><strong>confectae.</strong></span> <span class='ocrx_word' id='word_1_104' title='bbox 1166 955 1248 993; x_wconf 88' lang='lat' dir='ltr'><strong>Eas</strong></span> <span class='ocrx_word' id='word_1_105' title='bbox 1299 965 1372 993; x_wconf 88' lang='lat' dir='ltr'><strong>nos</strong></span> 
     </span>
     <span class='ocr_line' id='line_1_16' title="bbox 162 1009 1372 1062; baseline -0.002 -13"><span class='ocrx_word' id='word_1_106' title='bbox 162 1012 376 1062; x_wconf 88' lang='lat' dir='ltr'><strong>Apameae</strong></span> <span class='ocrx_word' id='word_1_107' title='bbox 404 1011 612 1061; x_wconf 88' lang='lat' dir='ltr'><strong>deponere</strong></span> <span class='ocrx_word' id='word_1_108' title='bbox 640 1011 937 1061; x_wconf 84' lang='lat' dir='ltr'><strong>cogitabamus.</strong></span> <span class='ocrx_word' id='word_1_109' title='bbox 992 1010 1057 1047; x_wconf 88' lang='lat' dir='ltr'><strong>De</strong></span> <span class='ocrx_word' id='word_1_110' title='bbox 1084 1009 1239 1060; x_wconf 86' lang='lat' dir='ltr'><strong>praeda</strong></span> <span class='ocrx_word' id='word_1_111' title='bbox 1265 1022 1372 1056; x_wconf 83' lang='lat' dir='ltr'><strong>mea,</strong></span> 
     </span>
     <span class='ocr_line' id='line_1_17' title="bbox 162 1063 1374 1116; baseline -0.001 -13"><span class='ocrx_word' id='word_1_112' title='bbox 162 1071 329 1116; x_wconf 88' lang='lat' dir='ltr'><strong>praeter</strong></span> <span class='ocrx_word' id='word_1_113' title='bbox 367 1070 607 1116; x_wconf 84' lang='lat' dir='ltr'><strong>quaestores</strong></span> <span class='ocrx_word' id='word_1_114' title='bbox 647 1065 837 1110; x_wconf 88' lang='lat' dir='ltr'><strong>urbanos,</strong></span> <span class='ocrx_word' id='word_1_115' title='bbox 875 1064 918 1102; x_wconf 92' lang='lat' dir='ltr'><strong>id</strong></span> <span class='ocrx_word' id='word_1_116' title='bbox 957 1070 1021 1102; x_wconf 88' lang='lat' dir='ltr'><strong>est</strong></span> <span class='ocrx_word' id='word_1_117' title='bbox 1058 1064 1256 1115; x_wconf 90' lang='lat' dir='ltr'><strong>populum</strong></span> <span class='ocrx_word' id='word_1_118' title='bbox 1296 1063 1374 1102; x_wconf 85' lang='lat' dir='ltr'><strong>Ro-</strong></span> 
     </span>
     <span class='ocr_line' id='line_1_18' title="bbox 163 1120 1374 1170; baseline -0.002 -12"><span class='ocrx_word' id='word_1_119' title='bbox 163 1133 345 1165; x_wconf 89' lang='lat' dir='ltr'><strong>manum,</strong></span> <span class='ocrx_word' id='word_1_120' title='bbox 367 1122 598 1158; x_wconf 86' lang='lat' dir='ltr'><strong>teruncium</strong></span> <span class='ocrx_word' id='word_1_121' title='bbox 619 1132 696 1157; x_wconf 91' lang='lat' dir='ltr'><strong>nec</strong></span> <span class='ocrx_word' id='word_1_122' title='bbox 717 1121 859 1170; x_wconf 85' lang='lat' dir='ltr'><strong>attigit</strong></span> <span class='ocrx_word' id='word_1_123' title='bbox 879 1131 955 1156; x_wconf 91' lang='lat' dir='ltr'><strong>nec</strong></span> <span class='ocrx_word' id='word_1_124' title='bbox 975 1124 1160 1156; x_wconf 89' lang='lat' dir='ltr'><strong>tacturus</strong></span> <span class='ocrx_word' id='word_1_125' title='bbox 1182 1124 1246 1156; x_wconf 90' lang='lat' dir='ltr'><strong>est</strong></span> <span class='ocrx_word' id='word_1_126' title='bbox 1266 1120 1374 1169; x_wconf 87' lang='lat' dir='ltr'><strong>quis—</strong></span> 
     </span>
     <span class='ocr_line' id='line_1_19' title="bbox 164 1172 1375 1226; baseline -0.002 -14"><span class='ocrx_word' id='word_1_127' title='bbox 164 1188 302 1226; x_wconf 89' lang='lat' dir='ltr'><strong>quam.</strong></span> <span class='ocrx_word' id='word_1_128' title='bbox 357 1173 587 1212; x_wconf 88' lang='lat' dir='ltr'><strong>Laodiceae</strong></span> <span class='ocrx_word' id='word_1_129' title='bbox 613 1186 681 1211; x_wconf 89' lang='lat' dir='ltr'><strong>me</strong></span> <span class='ocrx_word' id='word_1_130' title='bbox 707 1173 881 1224; x_wconf 88' lang='lat' dir='ltr'><strong>praedes</strong></span> <span class='ocrx_word' id='word_1_131' title='bbox 909 1178 1176 1223; x_wconf 86' lang='lat' dir='ltr'><strong>accepturum</strong></span> <span class='ocrx_word' id='word_1_132' title='bbox 1201 1172 1375 1210; x_wconf 86' lang='lat' dir='ltr'><strong>arbitror</strong></span> 
     </span>
    </p>
   </div>
   <div class='ocr_carea' id='block_1_3' title="bbox 163 1227 1441 1279">
    <p class='ocr_par' dir='ltr' id='par_1_5' title="bbox 163 1227 1441 1279">
     <span class='ocr_line' id='line_1_20' title="bbox 163 1227 1441 1279; baseline 0.001 -13"><span class='ocrx_word' id='word_1_133' title='bbox 163 1231 294 1266; x_wconf 89' lang='lat' dir='ltr'><strong>omnis</strong></span> <span class='ocrx_word' id='word_1_134' title='bbox 309 1231 509 1279; x_wconf 90' lang='lat' dir='ltr'><strong>pecuniae</strong></span> <span class='ocrx_word' id='word_1_135' title='bbox 524 1227 728 1278; x_wconf 90' lang='lat' dir='ltr'><strong>publicae,</strong></span> <span class='ocrx_word' id='word_1_136' title='bbox 744 1233 791 1266; x_wconf 90' lang='lat' dir='ltr'><strong>ut</strong></span> <span class='ocrx_word' id='word_1_137' title='bbox 807 1233 852 1265; x_wconf 84' lang='lat' dir='ltr'><strong>et</strong></span> <span class='ocrx_word' id='word_1_138' title='bbox 866 1227 966 1265; x_wconf 85' lang='lat' dir='ltr'><strong>mihi</strong></span> <span class='ocrx_word' id='word_1_139' title='bbox 982 1233 1026 1265; x_wconf 89' lang='lat' dir='ltr'><strong>et</strong></span> <span class='ocrx_word' id='word_1_140' title='bbox 1040 1227 1192 1278; x_wconf 90' lang='lat' dir='ltr'><strong>populo</strong></span> <span class='ocrx_word' id='word_1_141' title='bbox 1207 1232 1375 1267; x_wconf 84' lang='lat' dir='ltr'><strong>cautum</strong></span> <span class='ocrx_word' id='word_1_142' title='bbox 1440 1259 1441 1262; x_wconf 19' lang='grc' dir='ltr'>η</span> 
     </span>
    </p>
   </div>
   <div class='ocr_carea' id='block_1_4' title="bbox 116 1281 1375 1550">
    <p class='ocr_par' dir='ltr' id='par_1_6' title="bbox 116 1281 1375 1550">
     <span class='ocr_line' id='line_1_21' title="bbox 164 1281 1374 1332; baseline -0.002 -11"><span class='ocrx_word' id='word_1_143' title='bbox 164 1286 219 1321; x_wconf 86' lang='lat' dir='ltr'><strong>sit</strong></span> <span class='ocrx_word' id='word_1_144' title='bbox 250 1282 303 1321; x_wconf 91' lang='lat' dir='ltr'><strong>de</strong></span> <span class='ocrx_word' id='word_1_145' title='bbox 336 1288 530 1321; x_wconf 89' lang='lat' dir='ltr'><strong>vecturae</strong></span> <span class='ocrx_word' id='word_1_146' title='bbox 562 1281 756 1332; x_wconf 86' lang='lat' dir='ltr'><strong>periculo.</strong></span> <span class='ocrx_word' id='word_1_147' title='bbox 810 1281 933 1329; x_wconf 80' lang='lat' dir='ltr'><strong>Quod</strong></span> <span class='ocrx_word' id='word_1_148' title='bbox 964 1282 1104 1319; x_wconf 89' lang='lat' dir='ltr'><strong>scribis</strong></span> <span class='ocrx_word' id='word_1_149' title='bbox 1137 1281 1191 1319; x_wconf 87' lang='lat' dir='ltr'><strong>ad</strong></span> <span class='ocrx_word' id='word_1_150' title='bbox 1222 1293 1289 1320; x_wconf 90' lang='lat' dir='ltr'><strong>me</strong></span> <span class='ocrx_word' id='word_1_151' title='bbox 1321 1281 1374 1320; x_wconf 66' lang='lat' dir='ltr'><strong>de</strong></span> 
     </span>
     <span class='ocr_line' id='line_1_22' title="bbox 164 1335 1375 1386; baseline 0 -11"><span class='ocrx_word' id='word_1_152' title='bbox 164 1336 367 1376; x_wconf 88' lang='lat' dir='ltr'><strong>drachmis</strong></span> <span class='ocrx_word' id='word_1_153' title='bbox 392 1349 560 1381; x_wconf 74' lang='lat' dir='ltr'><strong>cccmoo,</strong></span> <span class='ocrx_word' id='word_1_154' title='bbox 585 1336 684 1373; x_wconf 87' lang='lat' dir='ltr'><strong>nihil</strong></span> <span class='ocrx_word' id='word_1_155' title='bbox 709 1341 787 1382; x_wconf 89' lang='lat' dir='ltr'><strong>est,</strong></span> <span class='ocrx_word' id='word_1_156' title='bbox 812 1335 923 1386; x_wconf 94' lang='lat' dir='ltr'><strong>quod</strong></span> <span class='ocrx_word' id='word_1_157' title='bbox 946 1338 988 1373; x_wconf 92' lang='lat' dir='ltr'><strong>in</strong></span> <span class='ocrx_word' id='word_1_158' title='bbox 1011 1338 1092 1374; x_wconf 90' lang='lat' dir='ltr'><strong>isto</strong></span> <span class='ocrx_word' id='word_1_159' title='bbox 1115 1347 1277 1386; x_wconf 76' lang='lat' dir='ltr'><strong>genere.</strong></span> <span class='ocrx_word' id='word_1_160' title='bbox 1292 1337 1375 1375; x_wconf 84' lang='lat' dir='ltr'><strong>cui.-</strong></span> 
     </span>
     <span class='ocr_line' id='line_1_23' title="bbox 166 1390 1375 1442; baseline 0.001 -14"><span class='ocrx_word' id='word_1_161' title='bbox 166 1404 290 1442; x_wconf 89' lang='lat' dir='ltr'><strong>quam</strong></span> <span class='ocrx_word' id='word_1_162' title='bbox 314 1393 465 1441; x_wconf 89' lang='lat' dir='ltr'><strong>possim</strong></span> <span class='ocrx_word' id='word_1_163' title='bbox 489 1390 763 1428; x_wconf 89' lang='lat' dir='ltr'><strong>commodare.</strong></span> <span class='ocrx_word' id='word_1_164' title='bbox 817 1390 962 1428; x_wconf 86' lang='lat' dir='ltr'><strong>Omnis</strong></span> <span class='ocrx_word' id='word_1_165' title='bbox 986 1392 1095 1428; x_wconf 88' lang='lat' dir='ltr'><strong>enim</strong></span> <span class='ocrx_word' id='word_1_166' title='bbox 1118 1392 1294 1440; x_wconf 83' lang='lat' dir='ltr'><strong>pecunia</strong></span> <span class='ocrx_word' id='word_1_167' title='bbox 1315 1392 1375 1431; x_wconf 76' lang='lat' dir='ltr'><strong>ita</strong></span> 
     </span>
     <span class='ocr_line' id='line_1_24' title="bbox 165 1443 1375 1496; baseline 0 -13"><span class='ocrx_word' id='word_1_168' title='bbox 165 1450 382 1491; x_wconf 86' lang='lat' dir='ltr'><strong>tractatur,</strong></span> <span class='ocrx_word' id='word_1_169' title='bbox 403 1451 451 1483; x_wconf 93' lang='lat' dir='ltr'><strong>ut</strong></span> <span class='ocrx_word' id='word_1_170' title='bbox 470 1445 638 1496; x_wconf 89' lang='lat' dir='ltr'><strong>praeda,</strong></span> <span class='ocrx_word' id='word_1_171' title='bbox 660 1458 684 1483; x_wconf 91' lang='lat' dir='ltr'><strong>a</strong></span> <span class='ocrx_word' id='word_1_172' title='bbox 703 1443 923 1495; x_wconf 88' lang='lat' dir='ltr'><strong>praefectis</strong></span> <span class='ocrx_word' id='word_1_173' title='bbox 941 1456 952 1489; x_wconf 83' lang='lat'><em>3</em></span> <span class='ocrx_word' id='word_1_174' title='bbox 984 1457 1094 1495; x_wconf 89' lang='lat' dir='ltr'><strong>quae</strong></span> <span class='ocrx_word' id='word_1_175' title='bbox 1115 1449 1256 1484; x_wconf 82' lang='lat' dir='ltr'><strong>autem</strong></span> <span class='ocrx_word' id='word_1_176' title='bbox 1275 1443 1375 1484; x_wconf 70' lang='lat' dir='ltr'><strong>mihi</strong></span> 
     </span>
     <span class='ocr_line' id='line_1_25' title="bbox 116 1497 1375 1550; baseline -0.002 -12"><span class='ocrx_word' id='word_1_177' title='bbox 116 1506 138 1538; x_wconf 84' lang='lat'><strong>5</strong></span> <span class='ocrx_word' id='word_1_178' title='bbox 166 1500 369 1538; x_wconf 82' lang='lat' dir='ltr'><strong>attributa</strong></span> <span class='ocrx_word' id='word_1_179' title='bbox 399 1504 477 1545; x_wconf 88' lang='lat' dir='ltr'><strong>est,</strong></span> <span class='ocrx_word' id='word_1_180' title='bbox 509 1512 534 1537; x_wconf 90' lang='lat' dir='ltr'><strong>a</strong></span> <span class='ocrx_word' id='word_1_181' title='bbox 564 1504 784 1550; x_wconf 86' lang='lat' dir='ltr'><strong>quaestore</strong></span> <span class='ocrx_word' id='word_1_182' title='bbox 814 1504 993 1538; x_wconf 80' lang='lat' dir='ltr'><strong>curatur.</strong></span> <span class='ocrx_word' id='word_1_183' title='bbox 1047 1497 1170 1546; x_wconf 84' lang='lat' dir='ltr'><strong>Quod</strong></span> <span class='ocrx_word' id='word_1_184' title='bbox 1199 1499 1375 1550; x_wconf 81' lang='lat' dir='ltr'><strong>quaeris,</strong></span> 
     </span>
    </p>
   </div>
   <div class='ocr_carea' id='block_1_5' title="bbox 168 1643 1378 2081">
    <p class='ocr_par' dir='ltr' id='par_1_7' title="bbox 168 1643 1378 1942">
     <span class='ocr_line' id='line_1_26' title="bbox 216 1643 1374 1691; baseline -0.001 -10"><span class='ocrx_word' id='word_1_185' title='bbox 216 1653 231 1670; x_wconf 75' lang='lat'><em>⁰</em></span> <span class='ocrx_word' id='word_1_186' title='bbox 255 1649 312 1682; x_wconf 91' lang='lat' dir='ltr'><strong>He</strong></span> <span class='ocrx_word' id='word_1_187' title='bbox 334 1648 512 1691; x_wconf 88' lang='lat' dir='ltr'><strong>probably</strong></span> <span class='ocrx_word' id='word_1_188' title='bbox 536 1647 745 1681; x_wconf 87' lang='lat' dir='ltr'><strong>considered</strong></span> <span class='ocrx_word' id='word_1_189' title='bbox 767 1648 846 1681; x_wconf 80' lang='lat' dir='ltr'><strong>that</strong></span> <span class='ocrx_word' id='word_1_190' title='bbox 867 1649 895 1681; x_wconf 89' lang='lat' dir='ltr'><strong>it</strong></span> <span class='ocrx_word' id='word_1_191' title='bbox 916 1658 988 1681; x_wconf 81' lang='lat' dir='ltr'><strong>was</strong></span> <span class='ocrx_word' id='word_1_192' title='bbox 1011 1658 1058 1680; x_wconf 92' lang='lat' dir='ltr'><strong>no</strong></span> <span class='ocrx_word' id='word_1_193' title='bbox 1079 1646 1160 1687; x_wconf 87' lang='lat' dir='ltr'><strong>law,</strong></span> <span class='ocrx_word' id='word_1_194' title='bbox 1181 1657 1222 1680; x_wconf 85' lang='lat' dir='ltr'><strong>as</strong></span> <span class='ocrx_word' id='word_1_195' title='bbox 1243 1646 1292 1680; x_wconf 81' lang='lat' dir='ltr'><strong>all</strong></span> <span class='ocrx_word' id='word_1_196' title='bbox 1313 1643 1374 1683; x_wconf 83' lang='lat' dir='ltr'><strong>the</strong></span> 
     </span>
     <span class='ocr_line' id='line_1_27' title="bbox 170 1688 1378 1734; baseline -0.002 -9"><span class='ocrx_word' id='word_1_197' title='bbox 170 1695 390 1725; x_wconf 86' lang='lat' dir='ltr'><strong>enactments</strong></span> <span class='ocrx_word' id='word_1_198' title='bbox 411 1691 452 1724; x_wconf 85' lang='lat' dir='ltr'><strong>of</strong></span> <span class='ocrx_word' id='word_1_199' title='bbox 469 1691 601 1725; x_wconf 85' lang='lat' dir='ltr'><strong>Caesar</strong></span> <span class='ocrx_word' id='word_1_200' title='bbox 621 1694 657 1725; x_wconf 92' lang='lat' dir='ltr'><strong>in</strong></span> <span class='ocrx_word' id='word_1_201' title='bbox 679 1694 722 1724; x_wconf 84' lang='lat'><strong>59</strong></span> <span class='ocrx_word' id='word_1_202' title='bbox 744 1691 816 1724; x_wconf 84' lang='lat' dir='ltr'><strong>had</strong></span> <span class='ocrx_word' id='word_1_203' title='bbox 837 1691 926 1724; x_wconf 88' lang='lat' dir='ltr'><strong>been</strong></span> <span class='ocrx_word' id='word_1_204' title='bbox 948 1690 1077 1734; x_wconf 87' lang='lat' dir='ltr'><strong>passed</strong></span> <span class='ocrx_word' id='word_1_205' title='bbox 1098 1692 1134 1724; x_wconf 91' lang='lat' dir='ltr'><strong>in</strong></span> <span class='ocrx_word' id='word_1_206' title='bbox 1156 1690 1316 1724; x_wconf 87' lang='lat' dir='ltr'><strong>defianee</strong></span> <span class='ocrx_word' id='word_1_207' title='bbox 1336 1688 1378 1729; x_wconf 84' lang='lat' dir='ltr'><strong>of</strong></span> 
     </span>
     <span class='ocr_line' id='line_1_28' title="bbox 170 1730 1374 1777; baseline -0.001 -9"><span class='ocrx_word' id='word_1_208' title='bbox 170 1736 224 1769; x_wconf 89' lang='lat' dir='ltr'><strong>his</strong></span> <span class='ocrx_word' id='word_1_209' title='bbox 246 1736 478 1768; x_wconf 73' lang='lat' dir='ltr'><strong>obnuntiatio.</strong></span> <span class='ocrx_word' id='word_1_210' title='bbox 524 1735 673 1777; x_wconf 77' lang='lat' dir='ltr'><strong>Tyr-rell.</strong></span> <span class='ocrx_word' id='word_1_211' title='bbox 721 1735 798 1768; x_wconf 89' lang='lat' dir='ltr'><strong>The</strong></span> <span class='ocrx_word' id='word_1_212' title='bbox 821 1734 889 1768; x_wconf 86' lang='lat' dir='ltr'><strong>law</strong></span> <span class='ocrx_word' id='word_1_213' title='bbox 905 1736 942 1767; x_wconf 89' lang='lat' dir='ltr'><strong>in</strong></span> <span class='ocrx_word' id='word_1_214' title='bbox 965 1735 1130 1777; x_wconf 86' lang='lat' dir='ltr'><strong>question</strong></span> <span class='ocrx_word' id='word_1_215' title='bbox 1150 1744 1222 1767; x_wconf 86' lang='lat' dir='ltr'><strong>was</strong></span> <span class='ocrx_word' id='word_1_216' title='bbox 1245 1730 1374 1776; x_wconf 81' lang='lat' dir='ltr'><strong>passed</strong></span> 
     </span>
     <span class='ocr_line' id='line_1_29' title="bbox 169 1776 1376 1821; baseline -0.002 -9"><span class='ocrx_word' id='word_1_217' title='bbox 169 1779 219 1821; x_wconf 88' lang='lat' dir='ltr'><strong>by</strong></span> <span class='ocrx_word' id='word_1_218' title='bbox 242 1780 375 1812; x_wconf 84' lang='lat' dir='ltr'><strong>Caesar</strong></span> <span class='ocrx_word' id='word_1_219' title='bbox 397 1780 433 1812; x_wconf 91' lang='lat' dir='ltr'><strong>in</strong></span> <span class='ocrx_word' id='word_1_220' title='bbox 459 1778 513 1811; x_wconf 90' lang='lat' dir='ltr'><strong>his</strong></span> <span class='ocrx_word' id='word_1_221' title='bbox 536 1778 764 1820; x_wconf 63' lang='lat' dir='ltr'><strong>consulship2</strong></span> <span class='ocrx_word' id='word_1_222' title='bbox 793 1780 820 1811; x_wconf 83' lang='lat' dir='ltr'><strong>it</strong></span> <span class='ocrx_word' id='word_1_223' title='bbox 843 1776 1007 1820; x_wconf 85' lang='lat' dir='ltr'><strong>required</strong></span> <span class='ocrx_word' id='word_1_224' title='bbox 1030 1778 1120 1817; x_wconf 78' lang='lat' dir='ltr'><strong>that,</strong></span> <span class='ocrx_word' id='word_1_225' title='bbox 1138 1777 1260 1811; x_wconf 81' lang='lat' dir='ltr'><strong>before</strong></span> <span class='ocrx_word' id='word_1_226' title='bbox 1282 1777 1376 1811; x_wconf 83' lang='lat' dir='ltr'><strong>their</strong></span> 
     </span>
     <span class='ocr_line' id='line_1_30' title="bbox 168 1820 1375 1864; baseline -0.001 -9"><span class='ocrx_word' id='word_1_227' title='bbox 168 1823 359 1864; x_wconf 83' lang='lat' dir='ltr'><strong>departure</strong></span> <span class='ocrx_word' id='word_1_228' title='bbox 400 1822 493 1855; x_wconf 85' lang='lat' dir='ltr'><strong>from</strong></span> <span class='ocrx_word' id='word_1_229' title='bbox 535 1822 627 1855; x_wconf 83' lang='lat' dir='ltr'><strong>their</strong></span> <span class='ocrx_word' id='word_1_230' title='bbox 668 1823 846 1864; x_wconf 84' lang='lat' dir='ltr'><strong>province,</strong></span> <span class='ocrx_word' id='word_1_231' title='bbox 890 1822 950 1855; x_wconf 87' lang='lat' dir='ltr'><strong>the</strong></span> <span class='ocrx_word' id='word_1_232' title='bbox 987 1831 1164 1864; x_wconf 85' lang='lat' dir='ltr'><strong>governor</strong></span> <span class='ocrx_word' id='word_1_233' title='bbox 1205 1820 1277 1854; x_wconf 81' lang='lat' dir='ltr'><strong>and</strong></span> <span class='ocrx_word' id='word_1_234' title='bbox 1318 1820 1375 1854; x_wconf 72' lang='lat' dir='ltr'><strong>his</strong></span> 
     </span>
     <span class='ocr_line' id='line_1_31' title="bbox 169 1863 1375 1942; baseline 0 -44"><span class='ocrx_word' id='word_1_235' title='bbox 169 1865 499 1942; x_wconf 48' lang='lat' dir='ltr'><strong>{guaeslfflflhf‘ffld</strong></span> <span class='ocrx_word' id='word_1_236' title='bbox 522 1863 765 1941; x_wconf 65' lang='lat' dir='ltr'><strong>leaveltttopies</strong></span> <span class='ocrx_word' id='word_1_237' title='bbox 793 1865 833 1898; x_wconf 87' lang='lat' dir='ltr'><strong>of</strong></span> <span class='ocrx_word' id='word_1_238' title='bbox 853 1865 945 1899; x_wconf 84' lang='lat' dir='ltr'><strong>their</strong></span> <span class='ocrx_word' id='word_1_239' title='bbox 976 1867 1148 1898; x_wconf 81' lang='lat' dir='ltr'><strong>accounts</strong></span> <span class='ocrx_word' id='word_1_240' title='bbox 1174 1866 1211 1898; x_wconf 91' lang='lat' dir='ltr'><strong>in</strong></span> <span class='ocrx_word' id='word_1_241' title='bbox 1239 1868 1308 1898; x_wconf 87' lang='lat' dir='ltr'><strong>two</strong></span> <span class='ocrx_word' id='word_1_242' title='bbox 1335 1863 1375 1898; x_wconf 76' lang='lat' dir='ltr'><strong>of</strong></span> 
     </span>
    </p>

    <p class='ocr_par' dir='ltr' id='par_1_8' title="bbox 196 1919 775 1943">
     <span class='ocr_line' id='line_1_32' title="bbox 196 1919 775 1943; baseline 0 -1"><span class='ocrx_word' id='word_1_243' title='bbox 196 1921 229 1943; x_wconf 72' lang='lat' dir='ltr'><strong>ie</strong></span> <span class='ocrx_word' id='word_1_244' title='bbox 272 1920 359 1942; x_wconf 71' lang='lat' dir='ltr'><strong>rmcx</strong></span> <span class='ocrx_word' id='word_1_245' title='bbox 388 1920 409 1942; x_wconf 87' lang='lat' dir='ltr'><strong>a</strong></span> <span class='ocrx_word' id='word_1_246' title='bbox 464 1919 621 1942; x_wconf 73' lang='lat' dir='ltr'><strong>rovmcua</strong></span> <span class='ocrx_word' id='word_1_247' title='bbox 666 1920 775 1942; x_wconf 90' lang='lat' dir='ltr'><strong>owns.</strong></span> 
     </span>
    </p>

    <p class='ocr_par' dir='ltr' id='par_1_9' title="bbox 171 1919 1374 2038">
     <span class='ocr_line' id='line_1_33' title="bbox 220 1919 1374 1995; baseline -0.002 -10"><span class='ocrx_word' id='word_1_248' title='bbox 220 1953 232 1972; x_wconf 60' lang='grc' dir='ltr'><strong>ὓ</strong></span> <span class='ocrx_word' id='word_1_249' title='bbox 245 1920 327 1992; x_wconf 57' lang='lat' dir='ltr'><strong>Pela,</strong></span> <span class='ocrx_word' id='word_1_250' title='bbox 343 1919 548 1995; x_wconf 46' lang='lat' dir='ltr'><strong>egerypbody</strong></span> <span class='ocrx_word' id='word_1_251' title='bbox 562 1952 626 1985; x_wconf 89' lang='lat' dir='ltr'><strong>but</strong></span> <span class='ocrx_word' id='word_1_252' title='bbox 639 1952 829 1985; x_wconf 81' lang='lat' dir='ltr'><strong>Sallustius</strong></span> <span class='ocrx_word' id='word_1_253' title='bbox 846 1962 917 1985; x_wconf 85' lang='lat' dir='ltr'><strong>was</strong></span> <span class='ocrx_word' id='word_1_254' title='bbox 929 1962 1011 1985; x_wconf 89' lang='lat' dir='ltr'><strong>sure</strong></span> <span class='ocrx_word' id='word_1_255' title='bbox 1025 1951 1086 1984; x_wconf 81' lang='lat' dir='ltr'><strong>the</strong></span> <span class='ocrx_word' id='word_1_256' title='bbox 1099 1950 1289 1984; x_wconf 78' lang='lat' dir='ltr'><strong>Parthians</strong></span> <span class='ocrx_word' id='word_1_257' title='bbox 1302 1949 1374 1983; x_wconf 77' lang='lat' dir='ltr'><strong>had</strong></span> 
     </span>
     <span class='ocr_line' id='line_1_34' title="bbox 171 1996 696 2038; baseline -0.002 -9"><span class='ocrx_word' id='word_1_258' title='bbox 171 2000 231 2029; x_wconf 77' lang='lat' dir='ltr'><strong>noc</strong></span> <span class='ocrx_word' id='word_1_259' title='bbox 248 1996 387 2029; x_wconf 73' lang='lat' dir='ltr'><strong>cros-sed</strong></span> <span class='ocrx_word' id='word_1_260' title='bbox 405 1997 465 2029; x_wconf 86' lang='lat' dir='ltr'><strong>the</strong></span> <span class='ocrx_word' id='word_1_261' title='bbox 483 1996 696 2038; x_wconf 85' lang='lat' dir='ltr'><strong>Euphrates.</strong></span> 
     </span>
    </p>

    <p class='ocr_par' dir='ltr' id='par_1_10' title="bbox 228 2035 1372 2081">
     <span class='ocr_line' id='line_1_35' title="bbox 228 2035 1372 2081; baseline 0.001 -10"><span class='ocrx_word' id='word_1_262' title='bbox 228 2044 240 2059; x_wconf 79' lang='lat'><strong><em>⁶</em></strong></span> <span class='ocrx_word' id='word_1_263' title='bbox 261 2039 336 2071; x_wconf 82' lang='lat' dir='ltr'><strong>The</strong></span> <span class='ocrx_word' id='word_1_264' title='bbox 353 2044 550 2081; x_wconf 65' lang='lat' dir='ltr'><strong>quaestores</strong></span> <span class='ocrx_word' id='word_1_265' title='bbox 566 2039 707 2078; x_wconf 77' lang='lat' dir='ltr'><strong>urbani,</strong></span> <span class='ocrx_word' id='word_1_266' title='bbox 726 2038 805 2071; x_wconf 85' lang='lat' dir='ltr'><strong>who</strong></span> <span class='ocrx_word' id='word_1_267' title='bbox 826 2038 1006 2072; x_wconf 81' lang='lat' dir='ltr'><strong>remained</strong></span> <span class='ocrx_word' id='word_1_268' title='bbox 1026 2041 1064 2071; x_wconf 81' lang='lat' dir='ltr'><strong>at</strong></span> <span class='ocrx_word' id='word_1_269' title='bbox 1086 2037 1200 2071; x_wconf 85' lang='lat' dir='ltr'><strong>Rome</strong></span> <span class='ocrx_word' id='word_1_270' title='bbox 1217 2036 1288 2071; x_wconf 80' lang='lat' dir='ltr'><strong>and</strong></span> <span class='ocrx_word' id='word_1_271' title='bbox 1311 2035 1372 2078; x_wconf 69' lang='lat' dir='ltr'><strong>did</strong></span> 
     </span>
    </p>
   </div>
   <div class='ocr_carea' id='block_1_6' title="bbox 179 2095 250 2130">
    <p class='ocr_par' dir='ltr' id='par_1_11' title="bbox 179 2095 250 2130">
     <span class='ocr_line' id='line_1_36' title="bbox 179 2095 250 2130; baseline 0 -1"><span class='ocrx_word' id='word_1_272' title='bbox 179 2095 250 2130; x_wconf 72' lang='lat'><strong>152</strong></span> 
     </span>
    </p>
   </div>
  </div>
 </body>
</html>
