1442 2392
679 128 884 169 CICERO

175 250 358 283 munem,
390 235 455 274 vel
485 241 603 274 tuam
621 234 757 273 solius
790 247 837 272 ac
867 235 1088 291 propriam.
1136 231 1272 284 Cupio
1302 242 1385 272 non

176 307 407 346 obtundere
429 312 489 353 te,
511 309 545 344 si
567 319 650 344 non
672 305 880 344 delectare
902 310 1043 343 nostro
1064 303 1230 350 studio;
1266 305 1386 356 cupio

176 379 402 424 deterrere,
416 390 470 416 ne
488 389 732 428 permaneas
746 378 789 414 in
803 378 981 427 incepto.
1033 375 1152 413 Nunc
1164 373 1307 418 12duae
1319 387 1386 425 res

175 452 281 488 istae
309 450 538 487 contrariae
566 460 635 485 me
663 446 927 492 conturbant,
956 459 1009 484 ex-
1048 445 1197 497 quibus
1234 451 1309 484 aut
1342 447 1387 484 in

177 519 308 558 altera
326 518 426 557 mihi
445 518 581 564 velim,
601 520 634 556 si
653 523 787 569 potes,
806 517 1084 568 obtemperes,
1103 521 1177 554 aut
1194 518 1238 554 in
1256 515 1387 559 altera

178 604 260 629 non
278 588 475 628 offendas.
528 588 646 627 Vale.
1314 572 1317 577 Ι

747 767 825 805 XV

435 894 482 920 Μ.
510 894 652 920 CICERO
678 893 712 919 S.
740 893 775 919 1..
803 892 968 918 Luccmo
996 892 1034 922 Q.
1062 892 1102 919 F·

682 995 789 1017 A.u.c.
808 985 886 1016 709.

229 1079 373 1119 Omnis
395 1093 510 1117 amor
530 1084 626 1117 tuus
649 1091 701 1116 ex
723 1078 911 1116 omnibus
932 1078 1118 1128 partibus
1139 1090 1184 1116 se
1206 1076 1389 1117 ostendit

176 1153 218 1189 in
239 1153 287 1189 iis
308 1150 472 1196 litteris,
494 1162 595 1200 quas
617 1163 642 1187 a
662 1154 706 1187 te
727 1151 913 1199 proxime
935 1150 1088 1199 accepi,
1109 1160 1192 1186 non
1211 1147 1280 1186 ille
1301 1149 1389 1200 qui—

177 1221 274 1260 dem
308 1220 408 1259 mihi
443 1222 624 1272 ignotus,
660 1218 734 1257 sed
769 1224 912 1257 tamen
946 1223 1089 1270 gratus
1126 1223 1172 1257 et
1206 1218 1388 1269 optatus,

176 1291 356 1330 dicerem
384 1289 598 1335 iucundus,
626 1291 703 1328 nisi
731 1289 774 1327 id
802 1289 973 1327 verbum
999 1290 1043 1326 in
1073 1301 1195 1327 omne
1222 1277 1388 1340 tempus

177 1361 447 1413 perdidissem
465 1373 475 1406 3
510 1373 646 1411 neque
667 1360 720 1398 ob
741 1372 833 1397 eam
853 1372 979 1397 unam
997 1371 1177 1404 causam,
1197 1371 1322 1410 quam
1340 1363 1388 1398 tu

177 1434 407 1484 suspicaris,
436 1436 481 1469 et
507 1433 551 1468 in
579 1443 661 1482 qua
688 1442 756 1468 me
783 1429 999 1468 lenissimis
1028 1434 1072 1467 et
1100 1430 1388 1469 amantiSSimis

177 1502 311 1541 verbis
327 1507 464 1546 utens,
479 1514 524 1539 re
539 1503 721 1553 graviter
736 1513 914 1546 accusas,
930 1499 1005 1538 sed
1020 1498 1144 1551 quod,
1159 1499 1265 1538 illius
1280 1502 1386 1539 tanti

177 1572 354 1611 vulneris
377 1585 484 1623 quae
506 1571 690 1610 remedia
713 1584 802 1609 esse
825 1570 1050 1616 debebant,
1073 1583 1124 1608 ea
1145 1569 1257 1608 nulla
1277 1575 1387 1609 sunt.

179 1643 289 1692 Quid
314 1643 457 1681 enim?
497 1641 551 1680 ad
574 1644 779 1680 amicosne
803 1639 1070 1692 confugiam?
1110 1639 1246 1688 Quam
1268 1639 1387 1679 multi

178 1713 307 1753 sunt?
348 1712 577 1751 Habuimus
603 1715 712 1750 enim
735 1710 823 1750 fere
847 1723 1098 1756 communes,
1123 1723 1296 1762 quorum
1320 1709 1387 1749 alii

177 1783 429 1829 occiderunt,
456 1783 523 1821 alii
549 1785 685 1821 nescio
711 1795 792 1833 quo
817 1787 940 1833 paeto
965 1780 1258 1819 obduruerent.
1310 1779 1388 1821 Tess

178 1868 271 1893 cum
307 1857 442 1892 vivere
477 1866 640 1904 possem
677 1852 884 1903 equidem,
919 1857 964 1890 et
997 1853 1176 1889 maxime
1212 1850 1386 1896 vellem3

228 1959 241 1978 ¹
269 1958 599 2001 Blartyni-Layuna
610 1958 685 1991 and
698 1958 905 2000 subsequens
923 1959 1023 1995 edd.:
1048 1969 1130 1991 cum
1146 1967 1232 1997 uss„
1243 1958 1388 2000 pucciny

180 2013 204 2035 a
219 2014 351 2036 comma
367 2002 461 2046 aster
476 2002 651 2041 offendas,
667 2002 741 2034 and
756 2002 949 2044 admittiny
967 2002 1043 2035 vale
1060 2002 1134 2036 into
1151 2003 1206 2035 the
1221 2006 1387 2036 sentence.

179 2075 259 2115 886
