1442 2392
691 141 895 182 CICERO

187 255 232 288 te
261 262 314 288 ex·
342 247 470 288 fratre
498 261 592 287 meo
620 261 674 286 ne
702 253 802 286 tunc
831 248 1012 299 quidem,
1041 261 1135 287 cum
1162 249 1240 288 tibi
1267 255 1396 300 prope

187 319 355 345 necesse
377 311 487 344 esset
509 318 578 343 eas
601 318 724 356 agere
746 311 900 356 partes,
921 308 1131 344 inimicum
1150 305 1251 344 mihi
1271 305 1396 345 fuisse

187 376 428 415 cognossem
445 363 460 400 ?
515 362 619 400 Cum
639 375 735 400 vero
754 361 934 400 reditum
954 368 1139 400 nostrum
1158 365 1201 400 in
1219 365 1396 415 gratiam

187 426 364 471 uterque
395 422 637 470 expetisset,
668 418 768 470 quid
803 421 847 456 in
883 419 1099 458 consulatu
1135 425 1208 458 tuo
1244 418 1397 458 frustra

187 489 350 514 mecum
393 478 528 527 egisti,
571 475 681 526 quod
723 488 790 513 me
833 481 907 514 aut
947 474 1085 514 facere
1127 481 1202 515 aut
1242 479 1396 516 sentire

189 533 417 572 voluisses?
485 532 595 580 Quid
621 532 721 570 mihi
747 532 967 579 mandasti,
994 547 1087 571 cum
1114 538 1158 572 te
1186 532 1397 572 Puteolosl

186 603 470 643 prosequerer,
496 593 539 628 in
567 603 648 641 quo
675 603 758 628 non
785 593 1139 641 exspectationem
1165 596 1282 630 tuam
1309 590 1397 630 dih·-

187 651 331 702 gentia
349 661 444 686 mea
462 650 628 686 vicerim
645 647 661 685 ?
715 647 837 695 Quod
856 650 890 686 si
908 648 952 686 id
972 654 1036 687 est
1055 651 1234 688 maxime
1255 651 1396 696 astuti,

188 709 325 746 omnia
349 705 402 744 ad
423 719 540 743 suam
563 705 789 743 utilitatem
806 704 977 750 referre,
995 705 1094 758 quid
1110 705 1210 744 mihi
1226 703 1396 745 tandem

189 769 280 802 erat
323 762 477 808 utilius,
522 762 621 814 quid
664 762 886 805 commodis
930 764 1032 800 meis
1077 765 1242 814 aptius‚·
1272 776 1396 815 quam

188 820 362 859 hominis
393 819 631 858 nobilissimi
663 825 790 871 atque
822 818 1123 858 honoratissimi
1150 823 1396 867 coniunctio,

187 880 301 917 cuius
327 890 440 928 opes,
465 879 691 929 ingenium,
716 876 848 922 liberi,
873 876 1028 923 affines,
1053 876 1271 928 propinqui
1296 876 1396 916 mihi

187 948 339 986 magno
371 934 436 973 vel
466 939 710 973 ornamento
741 933 806 972 vel
835 933 1039 985 praesidio
1072 947 1161 973 esse
1178 935 1395 986 possent?

189 992 307 1041 Quae
333 998 477 1030 tamen
503 1005 581 1043 ego
608 993 745 1030 omnia
770 993 813 1029 in
839 991 1077 1042 expetenda
1102 993 1282 1030 amicitia
1308 997 1396 1040 tua,

189 1064 272 1089 non
308 1052 462 1088 astutia
499 1049 692 1101 quadam,
725 1048 800 1087 sed
836 1048 973 1100 aliqua
1004 1051 1141 1099 potius
1178 1051 1396 1100 sapientia,

188 1113 354 1147 secutus
388 1120 492 1145 sum.
546 1105 688 1154 Quid?
737 1105 806 1144 illa
839 1105 1013 1151 vincula,
1047 1106 1194 1156 quibus
1229 1107 1396 1158 quidem

188 1165 457 1204 libentissime
507 1165 724 1214 astringor,
774 1168 930 1214 quanta
979 1163 1103 1202 sunt!
1167 1164 1396 1204 studiorum

188 1222 426 1268 similitudo,
460 1223 639 1260 suavitas
674 1221 994 1266 consuetudinis,
1029 1220 1252 1260 delectatio
1286 1225 1396 1263 vitae

189 1286 316 1331 atque
348 1281 493 1324 victus,
524 1279 721 1316 sermonis
752 1279 940 1322 societaS,
970 1275 1136 1315 litterae
1165 1279 1396 1320 interiores.

189 1338 330 1388 Atque
346 1336 449 1374 haec
463 1336 702 1374 domestica.
755 1333 865 1381 Quid
880 1333 949 1371 illa
963 1333 1134 1372 tandem
1149 1334 1394 1386 popularia?

189 1394 363 1433 Reditus
404 1393 570 1432 illustris
611 1395 654 1430 in
695 1394 886 1443 gratiam,
920 1394 963 1429 in
1005 1404 1087 1442 quo
1122 1404 1174 1429 ne
1213 1405 1288 1443 per
1320 1395 1398 1432 im-·

188 1451 451 1503 prudentiam
469 1449 637 1501 quidem
655 1451 779 1487 errari
796 1453 938 1499 potest
954 1450 1041 1486 sine
1059 1450 1287 1498 suspicione
1303 1462 1398 1501 per-

189 1508 341 1547 fidiae?
394 1507 645 1558 Amplissimi
685 1505 888 1544 sacerdoti
928 1504 1178 1556 collegium?
1233 1508 1276 1543 in
1313 1519 1396 1559 quo

552 1611 566 1632 ¹
593 1610 732 1645 Orelli=
766 1609 922 1644 Puteolis
940 1610 1040 1643 codd.

242 1749 257 1765 ⁸
280 1744 422 1785 During
447 1742 507 1775 the
534 1741 620 1784 long
645 1740 717 1774 and
746 1740 851 1773 bitter
876 1738 962 1772 feud
988 1738 1147 1772 between
1174 1739 1297 1773 Cicero
1321 1739 1394 1774 and

199 1788 238 1821 P.
261 1786 419 1825 Clodius,
438 1785 608 1828 Appius's
630 1784 786 1822 brother,
802 1784 895 1816 from
919 1785 962 1815 62
983 1793 1061 1822 n.c.,
1083 1783 1186 1816 when
1209 1783 1269 1816 the
1291 1783 1396 1817 latter

197 1830 371 1908 {gogacned
397 1829 457 1863 the
482 1830 665 1872 mysteries
689 1827 730 1861 of
755 1827 815 1860 the
840 1827 942 1860 Bona
967 1827 1055 1866 Dea,
1079 1829 1117 1860 to
1143 1826 1197 1860 his
1223 1826 1331 1861 death
1355 1828 1398 1902 in

244 1918 257 1983 Ξ
280 1918 467 1994 {ngtssffisg
483 1960 653 2001 writings,
684 1957 772 1991 such
807 1967 847 1990 as
877 1956 977 1989 those
1010 1956 1051 1989 of
1088 1957 1227 1999 Appius
1257 1967 1304 1990 on
1331 1948 1397 1991 the,

195 2004 360 2082 Aissgurtagl
387 2004 541 2047 System,
565 2002 637 2036 and
664 2002 705 2035 of
729 2001 852 2035 Cicero
876 2010 923 2034 on
945 2000 993 2033 all
1015 2003 1105 2034 sorts
1128 2000 1170 2034 of
1188 1999 1391 2035 theoretica!
1440 2051 1442 2053 Ι

195 2058 238 2082 su
261 2059 317 2092 Jec
353 2072 362 2082 .

193 2100 272 2140 226
