1442 2392
665 133 868 172 CICERO

164 239 331 287 aspersi,
348 242 396 275 ut
411 239 533 275 scires
549 251 616 275 me
634 243 775 276 tamen
791 241 832 275 in
849 238 1060 278 stomacho
1076 239 1206 278 solere
1221 240 1369 280 ridere.

165 291 229 328 De
249 291 310 329 re1
335 291 589 337 Dolabellae,
610 292 719 342 quod
739 295 892 342 scripsi,
911 293 1064 332 suadeo
1087 294 1240 340 videas,
1265 301 1370 334 tam-

164 359 287 396 quam
311 348 343 383 si
367 351 440 383 tua
461 359 526 383 res
551 352 711 397 agatur.
776 347 1020 385 Extremum
1043 348 1143 386 illud
1165 352 1369 388 erit—nos

163 399 264 437 nihil
285 399 559 445 turbulenter,
582 400 681 437 nihil
704 406 862 438 temere
884 400 1094 440 faciemus.
1146 402 1206 441 Te
1227 409 1369 442 tamen

163 467 339 499 oramus,
383 454 708 506 quibuscumque
752 457 901 493 erimus
944 459 985 493 in
1029 459 1163 503 terris,
1206 463 1254 495 ut
1297 471 1368 496 nos

163 508 394 558 liberosque
421 514 581 546 nostros
606 511 667 547 ita
694 515 853 555 tueare,
880 516 927 548 ut
954 513 1134 549 amicitia
1159 518 1299 550 nostra
1325 518 1370 552 et

163 568 237 601 tua
256 563 356 600 fides
374 563 615 613 postulabit.

704 771 825 810 XVII

343 885 392 914 Μ.
416 886 457 913 Τ.
485 888 519 913 C.
547 888 636 913 IMP.
663 888 696 914 S.
724 888 765 914 D.
793 889 957 914 CANINIO
983 889 1192 917 SALLUSTIO

623 943 924 972 PROQUAESTORI

598 1032 711 1070 Tarsi.
729 1044 836 1066 A.U.C.
855 1035 933 1066 704.

215 1118 337 1156 Binas
353 1117 512 1156 litteras
531 1131 554 1155 a
570 1123 614 1156 te
632 1117 730 1156 mihi
747 1124 879 1157 stator
894 1125 990 1157 tuus
1006 1120 1186 1159 reddidit
1201 1121 1314 1159 Tarsi
1332 1134 1370 1161 a.

165 1172 205 1210 d.
228 1185 309 1210 Χνι.
336 1172 510 1210 Kalend.
534 1172 723 1210 Sextiles.
778 1172 852 1211 His
876 1186 953 1224 ego
976 1174 1132 1221 ordine,
1155 1181 1202 1214 ut
1223 1176 1370 1214 videris

164 1226 283 1272 velle,
310 1227 581 1277 respondebo.
636 1226 701 1264 De
729 1240 959 1266 successore
988 1241 1080 1266 meo
1108 1229 1209 1267 nihil
1235 1231 1369 1269 audivi

165 1294 240 1318 nec
252 1294 501 1332 quemquam
513 1280 599 1318 fore
612 1281 799 1319 arbitror.
852 1281 962 1329 Quin
974 1283 1026 1320 ad
1037 1283 1147 1321 diem
1158 1284 1371 1331 decedam,

165 1335 276 1372 nulla
303 1348 426 1373 causa
455 1340 532 1380 est,
560 1338 803 1386 praesertim
831 1335 993 1374 sublato
1021 1343 1138 1375 metu
1167 1337 1370 1378 Parthico.

165 1389 520 1428 Commoraturum
535 1402 602 1427 me
617 1403 819 1440 nusquam
834 1404 932 1428 sane
953 1392 1126 1429 arbitror
1143 1404 1154 1437 ;
1181 1392 1368 1431 Rhodum

165 1443 407 1481 Ciceronum
426 1457 548 1481 causa
565 1457 785 1494 puerorum
804 1458 1060 1483 accessurum
1077 1451 1180 1496 puto
1198 1459 1208 1492 ;
1235 1459 1370 1499 neque

164 1497 205 1535 id
236 1504 378 1536 tamen
407 1504 580 1536 certum.
635 1497 703 1535 Ad
734 1498 887 1537 Urbem
920 1499 1010 1537 volo
1041 1513 1165 1551 quam
1194 1504 1370 1551 primum

165 1555 333 1597 venire3
369 1552 442 1590 sed
467 1558 609 1590 tamen
634 1555 714 1590 iter
735 1565 873 1590 meum
900 1553 1147 1604 reipublicae
1170 1561 1214 1593 et
1233 1569 1370 1594 rerum

165 1607 412 1644 urbanarum
448 1609 553 1644 ratio
590 1607 852 1656 gubernabit.
905 1607 1120 1646 Successor
1156 1614 1251 1648 tuus
1289 1622 1371 1648 non

164 1667 304 1713 potest
334 1665 393 1701 ita
423 1668 632 1701 maturare
665 1662 745 1701 ullo
777 1663 913 1710 modo,
946 1670 992 1702 ut
1023 1670 1071 1703 tu
1101 1678 1168 1703 me
1199 1667 1242 1702 in
1273 1664 1371 1704 Asia

379 1748 392 1769 ¹
418 1747 530 1782 ridere
547 1747 734 1782 Dolabella
754 1749 798 1782 M
800 1750 812 1769 ¹
828 1749 1051 1791 (Dolabellae
1070 1750 1113 1783 Μ
1116 1751 1156 1792 ²).

163 1905 181 1908 Β,
210 1863 324 1897 ⁰‚The
349 1866 556 1906 suggestion
584 1865 663 1898 that
687 1864 810 1898 Cicero
834 1876 918 1908 may
944 1876 1047 1898 mean
1073 1866 1249 1908 “though
1273 1869 1300 1900 it
1323 1867 1367 1900 be

169 1909 232 1940 but
261 1907 320 1940 the
349 1907 512 1940 artificial
541 1907 650 1950 laugh
681 1908 722 1941 of
747 1920 768 1941 a
798 1910 1044 1951 ventriloquist
1061 1909 1081 1922 ”
1112 1910 1201 1943 need
1232 1913 1294 1944 not
1323 1910 1367 1944 be

166 1951 338 1993 seriously
356 1951 587 1984 entertained.

211 1995 224 2014 ⁶
246 1994 331 2027 This
348 1993 538 2027 Sallustius
554 1996 583 2027 is
599 1995 783 2027 otherwise
800 1995 997 2028 unknown.

213 2042 225 2058 ⁶
251 2037 316 2070 His
336 2048 400 2070 son
424 2038 569 2071 Marcus
591 2038 662 2071 and
683 2038 737 2071 his
758 2038 906 2081 nephew
930 2038 1098 2080 Quintus,
1120 2040 1198 2074 who
1219 2051 1309 2074 were
1328 2044 1366 2075 at

172 2093 246 2129 1⁵0
