1442 2392
116 905 152 936 11

687 167 891 207 CICERO

184 275 257 318 oti,
284 275 458 323 patriae,
487 274 686 312 bonorum
718 274 917 326 omnium)
945 276 1003 313 sic
1035 274 1391 326 amplexabantur,

183 343 240 380 sic
263 343 306 379 in
329 342 517 380 manibus
541 341 766 388 habebant,
790 345 846 380 sic
869 341 1080 390 fovebant,
1104 347 1161 382 sic
1183 357 1252 383 me
1273 356 1391 396 prae-

183 415 302 449 sente
313 410 616 457 osculabantur,
627 424 710 448 non
719 410 776 448 illi
788 411 955 462 quidem
967 418 1014 451 ut
1025 412 1124 452 mihi
1134 400 1392 454 stomachum

182 478 382 525 facerent,
411 492 535 531 quem
564 492 642 530 ego
670 478 856 518 funditus
883 481 1058 531 perdidi,
1085 482 1161 521 sed
1187 489 1316 530 certe,
1343 489 1392 524 ut

182 548 319 587 facere
341 562 385 587 se
408 549 719 587 arbitrarentur.
773 549 852 587 Hic
874 562 966 601 ego,
989 556 1191 601 quantum
1212 551 1392 592 humano

183 618 348 657 consilio
393 617 552 655 efficere
597 620 728 668 potui,
774 621 1076 670 circumspectis
1121 621 1244 660 rebus
1289 604 1391 662 meis

183 688 371 726 omnibus
421 687 731 739 rationibusque
783 687 1008 734 subductis,
1059 702 1262 729 summam
1311 679 1391 738 feci

181 759 479 809 cogitationum
499 770 685 794 mearum
705 759 901 803 omnium,
923 771 1047 809 quam
1067 759 1159 806 tibi,
1178 762 1212 798 si
1230 766 1392 811 potero,

183 827 365 865 breviter
383 839 602 876 exponam.

234 896 324 947 Ego
342 898 375 934 si
394 896 446 933 ab
464 895 658 946 improbis
678 900 722 933 et
738 894 909 945 perditis
928 896 1081 935 civibus
1098 898 1391 948 rempublicam

184 968 319 1005 teneri
338 965 534 1010 viderem,
554 966 659 1002 sicut
682 970 727 1002 et
751 963 932 1003 Cinneis1
952 967 1206 1016 temporibus
1230 971 1393 1016 seimus,

185 1040 230 1074 et
267 1034 470 1072 nonnullis
509 1033 596 1071 aliis
635 1033 828 1071 accidisse
868 1037 1112 1084 accepimus,
1151 1049 1234 1075 non
1270 1038 1393 1078 modo

183 1106 389 1156 praemiis,
422 1116 528 1154 quae
562 1102 673 1152 apud
703 1115 770 1140 me
803 1104 1017 1141 minimum
1049 1104 1202 1152 valent,
1234 1107 1309 1146 sed
1338 1121 1392 1147 ne

184 1173 372 1226 periculis
419 1172 587 1223 quidem
633 1171 864 1222 compulsus
910 1171 1015 1218 ullis,
1056 1173 1204 1224 quibus
1249 1180 1392 1216 tamen

183 1249 402 1283 moventur
422 1244 548 1280 etiam
568 1241 777 1280 fortissimi
797 1244 884 1287 viri,
905 1242 958 1280 ad
978 1254 1120 1280 eorum
1139 1256 1304 1284 causam
1323 1259 1391 1286 me

184 1314 466 1365 adiungerem,
503 1325 556 1350 ne
594 1313 627 1349 si
664 1324 824 1349 summa
861 1311 1028 1363 quidem
1067 1325 1208 1351 eorum
1244 1317 1287 1353 in
1322 1327 1390 1356 me

183 1386 333 1423 merita
368 1386 619 1421 constarent.
673 1380 776 1418 Cum
814 1386 955 1419 autem
991 1383 1033 1419 in
1069 1383 1279 1433 republica
1315 1385 1390 1426 Cn.

185 1453 402 1503 Pompeius
424 1453 614 1502 princeps
638 1456 762 1495 esset,
786 1452 845 1487 vir
867 1452 914 1496 is,
939 1452 1009 1501 qui
1031 1449 1137 1490 hanc
1158 1456 1390 1503 potentiam

183 1528 228 1561 et
259 1521 431 1573 gloriam
463 1521 651 1557 maximis
683 1521 726 1556 in
758 1519 1053 1569 rempublicam
1085 1523 1241 1560 meritis
1272 1535 1390 1574 prae·

182 1592 525 1640 stantissimisque
548 1588 670 1626 rebus
694 1590 822 1639 gestis
846 1593 957 1626 esset
979 1594 1236 1635 consecutus,
1259 1594 1390 1631 cuius—

182 1673 263 1712 que
281 1673 359 1711 ego
376 1659 589 1710 dignitatis
607 1657 659 1695 ab
677 1656 954 1695 adolescentia
970 1655 1121 1703 fautor,
1136 1660 1180 1695 in
1195 1665 1391 1710 praetura

183 1734 324 1767 autem
358 1733 402 1766 et
433 1730 476 1766 in
509 1725 723 1764 consulatu
756 1725 918 1764 adiutor
951 1728 1077 1764 etiam
1111 1728 1389 1769 exstitissem:

183 1807 359 1847 cumque
406 1795 516 1833 idem
564 1797 811 1832 auctoritate
861 1799 906 1832 et
955 1795 1164 1832 sententia
1210 1807 1285 1844 per
1329 1809 1390 1844 se,

182 1865 356 1904 consiliis
390 1869 434 1902 et
465 1863 610 1902 studiis
642 1869 782 1902 tecum
814 1875 881 1900 me
915 1861 1136 1900 adiuvisset
1167 1875 1390 1915 meumque

182 1936 390 1972 inimicum
417 1946 544 1970 unum
570 1927 612 1969 in
638 1934 806 1970 civitate
832 1930 1006 1969 haberet
1030 1932 1267 1968 inimicum:
1308 1944 1390 1971 non

230 2020 242 2040 1
270 2020 357 2052 That
381 2019 537 2058 Cinneis,
566 2018 651 2052 Cod.
678 2018 797 2056 Harl„
822 2018 853 2050 is
877 2017 1074 2060 preferable
1098 2019 1133 2050 to
1156 2018 1256 2056 meis,
1283 2015 1338 2056 M.
1359 2017 1390 2051 ie

180 2064 315 2107 proved
331 2064 463 2106 beyond
480 2062 586 2096 doubt
603 2062 646 2105 by
665 2061 816 2104 Tyrrell.

187 2122 237 2155 58
