1442 2392
127 835 168 867 19

692 159 895 199 CICERO

191 264 459 303 memoranda
502 264 708 316 quaedam
753 269 798 303 et
841 264 979 302 divina
1022 264 1208 304 Caesaris
1249 267 1293 304 in
1326 275 1405 304 -me

193 334 448 386 fratremque
465 347 605 373 meum
621 334 846 373 liberalitas
864 347 875 381 3
907 337 977 386 qui
993 334 1108 382 mihi,
1125 347 1405 389 quascumque

193 419 258 444 res
279 405 477 457 gereret,1
506 405 685 444 tuendus
707 411 832 452 esset,
853 419 961 444 nunc
985 408 1029 444 in
1056 411 1178 446 tanta
1203 405 1405 446 felicitate

193 479 404 528 tantisque
432 479 624 522 victoriis,
653 478 815 515 etiamsi
841 478 885 514 in
912 490 985 515 nos
1013 490 1093 515 non
1121 479 1155 516 is
1183 482 1309 524 esset,
1335 477 1406 529 qui

193 552 271 593 est,
296 553 439 586 tamen
464 547 670 585 ornandus
695 547 918 586 videretur.
971 546 1036 586 Sic
1062 550 1172 586 enim
1196 553 1241 586 te
1266 549 1406 587 existi-

192 631 306 656 mare
331 617 482 664 velim3
522 631 615 656 cum
642 631 666 656 a
690 619 819 664 vobis,
843 631 962 656 meae
988 618 1130 657 salutis
1157 619 1407 674 auctoribus,

192 689 461 734 discesserim,
480 691 689 727 neminem
709 702 813 735 esse,
832 691 946 727 cuius
965 689 1102 727 officiis
1121 701 1188 728 me
1207 695 1295 728 tam
1315 701 1406 728 esse

193 759 431 797 devinctum
449 773 532 797 non
550 759 681 797 solum
699 759 911 805 confitear,
931 759 1005 797 sed
1023 762 1150 798 etiam
1169 759 1389 811 gaudeam.

247 829 369 878 Quod
395 833 588 882 quoniam
614 830 691 868 tibi
717 833 902 881 exposui,
927 829 1062 868 facilia
1087 836 1184 869 sunt
1209 843 1274 877 ea,
1299 820 1406 882 quae

196 913 221 938 a
234 913 302 939 me
318 901 370 939 de
386 900 551 939 Vatinio
565 907 609 939 et
624 900 676 939 de
690 900 834 939 Crasso
846 903 1032 952 requiris.
1086 900 1193 939 Nam
1205 900 1258 940 de
1270 901 1406 952 Appio

196 971 307 1023 quod
325 972 479 1017 scribis,
495 974 615 1010 sicuti
634 971 687 1010 de
711 971 902 1018 Caesare,
921 977 965 1010 te
988 985 1071 1009 non
1089 971 1407 1023 reprehendere,

195 1042 358 1093 gaudeo
390 1042 601 1080 consilium
633 1043 710 1080 tibi
740 1043 904 1093 probari
934 1055 1088 1080 meum.
1142 1041 1210 1080 De
1240 1041 1406 1081 Vatinio

195 1118 351 1159 autem,
374 1115 571 1164 primum
557 1113 737 1176 rQ
754 1115 1045 1152 intercesserat
1066 1115 1110 1151 in
1062 1115 1310 1166 “g-&tigal
1331 1125 1406 1165 per

197 1183 452 1234 Pompeium,
485 1172 626 1222 statim
660 1189 707 1222 ut
738 1183 805 1221 ille
838 1189 1005 1234 praetor
1036 1189 1101 1222 est
1131 1183 1280 1230 factus,
1311 1196 1405 1222 eum

195 1254 362 1306 quidem
396 1267 474 1306 ego
507 1257 593 1292 eius
626 1257 873 1305 petitionem
904 1256 1150 1306 gravissimis
1182 1257 1225 1292 in
1257 1259 1410 1309 senatur

195 1328 397 1363 sententis
426 1338 743 1376 oppugnassem,
779 1338 914 1376 neque
950 1330 1038 1363 tam
1071 1324 1178 1363 illius
1211 1311 1404 1367 laedendi

195 1408 332 1441 causa,
351 1409 475 1446 quam
493 1394 742 1433 defendendi
763 1401 889 1446 atque
908 1396 1079 1434 ornandi
1097 1395 1264 1434 Catonis
1282 1407 1292 1442 ;
1310 1394 1405 1447 post

195 1472 336 1504 autem
357 1466 555 1512 Caesaris,
571 1472 619 1504 ut
636 1466 750 1504 illum
770 1465 1052 1512 defenderem,
1071 1468 1175 1504 mira
1193 1467 1404 1504 contentio

195 1543 260 1575 est
285 1543 519 1575 consecuta.
574 1536 655 1575 Cur
683 1543 823 1575 autem
850 1537 1065 1583 laudarim,
1091 1542 1192 1588 peto
1219 1550 1244 1576 a
1270 1542 1329 1584 te,
1356 1541 1405 1575 ut

195 1607 238 1645 id
266 1621 290 1645 a
313 1620 380 1646 me
409 1620 513 1646 neve
541 1610 584 1645 in
612 1607 688 1646 hoc
711 1621 796 1654 reo,
821 1621 924 1646 neve
952 1610 995 1645 in
1019 1607 1105 1646 aliis
1128 1610 1326 1658 requiras,
1349 1598 1402 1647 ne

195 1678 271 1716 tibi
317 1691 395 1729 ego
439 1678 550 1716 idem
595 1691 806 1729 reponam,
851 1692 943 1716 cum
989 1681 1176 1723 vene1·is;
1235 1679 1402 1716 tametsi

197 1762 359 1799 possum
394 1749 457 1787 vel
479 1750 654 1787 absenti.
719 1749 948 1787 Recordare
983 1751 1106 1794 enim,
1139 1748 1286 1800 quibus
1316 1747 1403 1787 lau-

709 1853 723 1874 ¹
747 1853 850 1885 iniret
869 1852 910 1885 G.

245 2017 260 2033 ⁰
283 2012 398 2045 When
424 2014 459 2045 in
485 2015 530 2045 54
555 2013 599 2046 he
620 2023 693 2045 was
716 2012 866 2045 accused
889 2012 912 2045 b
959 2012 999 2045 C.
1023 2012 1182 2045 Licinius
1206 2011 1338 2046 Calvus
1363 2011 1404 2046 of

201 2055 336 2098 having
352 2056 521 2094 obtained
539 2056 593 2090 his
608 2056 835 2099 praetorship
851 2056 900 2099 by
944 2056 1075 2099 ribery.

201 2112 252 2147 72
