1442 2392
676 129 879 168 CICERO

174 234 323 274 fuerim
338 235 491 281 dolore,
505 238 741 274 meministi.
773 235 822 273 In
837 248 918 286 quo
932 237 1064 286 prima
1078 233 1147 274 illa
1160 233 1384 274 consolatio

175 317 252 357 est,
280 312 427 350 vidisse
455 325 521 350 me
547 312 653 363 plus,
681 325 806 363 quam
832 317 1006 358 ceteros,
1032 324 1127 350 cum
1151 310 1384 362 cupiebam,

175 390 358 439 quamvis
381 390 521 439 iniqua
543 387 794 434 condicione,
817 400 976 438 pacem.
1030 387 1152 435 Quod
1176 389 1254 425 etsi
1273 399 1383 432 casu,

173 478 255 502 non
270 464 521 503 divinatione
537 477 631 502 mea
645 462 803 502 factum
819 469 897 509 est,
912 469 1055 502 tamen
1070 463 1147 502 hac
1162 465 1273 501 inani
1288 454 1383 514 prii-

174 540 341 578 dentiae
362 540 485 578 laude
508 540 704 579 delector.
760 539 938 586 Deinde,
960 539 1071 591 quod
1093 539 1192 578 mihi
1214 539 1268 578 ad
1289 551 1383 582 conv

174 616 416 654 solationem
436 629 652 654 commune
673 621 812 654 tecum
833 621 911 661 est,
931 618 963 653 si
984 618 1066 653 iam
1086 628 1206 654 vocer
1224 615 1280 654 ad
1299 617 1384 654 exi-

173 697 264 730 tum
280 694 405 738 vitae,
422 706 503 730 non
520 693 573 731 ab
590 706 641 730 ea
655 692 865 743 republica
880 692 1045 737 avellar,
1063 693 1145 743 qua
1160 691 1383 731 carendum

175 781 265 806 esse
304 768 481 814 doleam,
520 771 765 820 praesertim
803 782 896 806 cum
935 768 977 806 id
1015 770 1103 805 sine
1141 767 1223 806 ullo
1261 778 1384 825 sensu

174 843 360 882 futurum
383 847 449 883 sit.
504 844 687 882 Adiuvat
710 847 838 882 etiam
859 849 976 882 aetas
1000 849 1044 882 et
1066 848 1160 882 aeta
1180 845 1263 881 iam
1285 836 1384 891 vita,

175 933 282 972 quae
308 934 402 958 eum
428 933 547 959 cursu
573 934 646 958 suo
672 921 780 959 bene
807 919 995 958 confecto
1022 919 1268 965 delectatur,
1294 924 1386 958 tum

175 1002 292 1034 vetat
306 999 349 1034 in
365 1010 413 1035 eo
428 999 511 1034 vim
526 999 688 1043 timere,
704 1009 785 1048 quo
800 1010 874 1035 nos
888 998 971 1034 iam
985 1001 1135 1034 natura
1147 998 1237 1047 ipsa
1250 1006 1386 1046 paene

175 1073 428 1124 perduxerit.
483 1072 696 1111 Postremo
724 1075 758 1111 is
787 1075 859 1119 vir,
888 1071 954 1111 vel
984 1075 1111 1110 etiam
1138 1073 1167 1110 ii
1194 1074 1282 1117 viri,
1309 1063 1386 1118 hoc

175 1149 283 1187 bello
314 1149 565 1194 occiderunt,
595 1155 644 1187 ut
672 1148 932 1200 impudentia
960 1148 1164 1194 videatur,
1195 1147 1386 1187 eamdem

175 1224 397 1271 fortunam,
436 1228 470 1264 si
507 1239 572 1264 res
611 1231 747 1277 cogat,
785 1238 988 1263 recusare.
1043 1223 1248 1276 Equidem
1285 1223 1386 1271 mihi

177 1305 312 1339 omnia
335 1315 531 1353 propono,
555 1315 632 1340 nec
656 1302 784 1340 ullum
808 1307 873 1340 est
895 1306 1061 1339 tantum
1083 1301 1252 1347 malum,
1275 1300 1387 1352 quod

177 1391 258 1416 non
281 1383 427 1428 putem
450 1378 704 1428 impendere.
759 1377 841 1416 Sed
864 1391 958 1415 cum
980 1377 1071 1428 plus
1094 1379 1137 1415 in
1160 1376 1387 1433 metuendo

177 1454 273 1492 mali
305 1457 372 1500 sit,
405 1467 529 1505 quam
560 1457 603 1491 in
634 1455 721 1505 ipso
759 1453 826 1492 illo
865 1453 977 1505 quod
1012 1455 1198 1499 timetur,
1229 1452 1386 1500 desino,

177 1533 421 1582 praesertim
446 1544 540 1569 cum
564 1530 818 1581 impendeat,
843 1532 886 1567 in
912 1543 993 1581 quo
1018 1542 1100 1567 non
1125 1529 1247 1568 modo
1273 1528 1387 1568 dolor

178 1607 311 1644 nullus
342 1620 486 1644 verum
516 1606 606 1644 finis
640 1609 767 1645 etiam
798 1606 945 1644 doloris
977 1604 1139 1644 futurus
1170 1597 1238 1644 sit.
1305 1604 1388 1644 Sed

178 1683 279 1722 haec
297 1686 396 1721 satis
414 1683 559 1729 multa,
577 1683 643 1722 vel
660 1683 778 1734 plura
794 1685 946 1734 potius,
965 1695 1090 1734 quam
1107 1694 1276 1720 neeesse
1292 1680 1387 1721 fuit,

180 1760 295 1797 Facit
323 1765 466 1798 autem
494 1773 576 1798 non
604 1759 831 1811 loquacitas
860 1772 967 1804 mea,
997 1758 1071 1797 sed
1098 1757 1388 1796 benevolentia

138 1841 160 1873 6
178 1835 380 1888 longiores
432 1835 641 1887 epistulas.
695 1835 881 1874 Servium
930 1834 1162 1873 discessisse
1211 1833 1388 1873 Athenis

382 2018 397 2035 ⁰
421 2013 564 2047 Servius
581 2013 781 2056 Sulpicius;
806 2023 863 2046 see
882 2012 951 2046 Bk.
969 2014 1015 2046 iv.
1032 2015 1054 2047 3
1070 2012 1142 2046 and
1158 2014 1193 2046 4.

185 2085 260 2125 446
