1442 2392
660 106 864 148 CICERO

157 208 234 248 hoc
263 209 425 249 detrahi
456 216 611 262 potest,
641 224 694 250 ne
725 211 825 263 quid
853 214 916 258 iis,
946 225 1048 263 quos
1078 213 1240 258 amasti,
1267 209 1367 251 mali

157 289 279 334 putes
312 286 546 336 contigisse,
579 284 832 335 permultum
870 287 949 323 erit
981 298 1032 323 ex
1069 297 1255 324 maerore
1292 289 1366 324 tuo

157 356 419 396 diminutum.
472 356 745 409 Relinquetur
763 361 872 397 enim
891 358 1064 409 simplex
1082 358 1152 398 illa
1168 361 1251 398 iam
1268 371 1367 398 cura

157 430 304 469 doloris
329 434 406 478 tui,
431 444 537 483 quae
563 445 646 469 non
669 445 763 470 cum
786 432 862 470 illis
887 432 1268 479 communicabitur,
1291 431 1366 472 sed

157 504 209 542 ad
233 510 277 542 te
301 507 436 555 ipsum
459 508 622 556 proprie
646 504 878 552 refieretur3
916 508 959 543 in
983 519 1066 557 qua
1088 519 1171 544 non
1195 510 1260 545 est
1281 507 1364 544 iam

154 580 370 630 gravitatis
391 592 438 617 ac
458 581 686 629 sapientiae
707 585 821 626 tuae,
842 593 966 630 quam
987 585 1035 618 tu
1056 593 1081 618 a
1098 592 1228 631 puero
1245 591 1364 631 prae-

155 654 312 698 stitisti,
349 650 457 690 ferre
494 653 804 691 immoderatius
841 666 980 691 casum
1015 653 1363 692 incommodorum

156 730 334 771 tuorum,
367 728 438 777 qui
470 728 523 765 sit
556 726 609 764 ab
642 739 797 773 eorum,
830 740 931 778 quos
964 726 1169 773 dilexeris,
1200 729 1364 779 miseria

154 799 346 850 maloque
391 802 614 838 seiunctus.
666 800 834 839 Etenim
881 813 977 838 eum
1021 813 1185 852 semper
1228 806 1273 840 te
1303 792 1364 841 -et

153 875 323 923 privatis
345 875 387 910 in
408 873 546 919 rebus,
569 879 614 912 et
634 873 806 924 publicis
828 876 1086 924 praestitisti,
1108 873 1266 913 tuenda
1286 874 1363 913 tibi

155 951 203 984 ut
235 949 289 984 sit
321 948 516 997 gravitas,
549 953 594 985 et
626 950 883 986 constantiae
915 947 1190 986 serviendum.
1242 946 1363 1000 Nam,

155 1019 266 1071 quod
300 1019 474 1058 allatura
507 1026 573 1059 est
604 1023 695 1071 ipsa
727 1021 990 1068 diuturnitas,
1024 1034 1131 1073 quae
1163 1007 1363 1066 maximos¹

153 1093 287 1132 luctus
306 1099 517 1132 vetustate
536 1094 659 1140 tollit,
677 1095 720 1132 id
738 1108 811 1133 nos
829 1098 1068 1146 praecipere
1085 1095 1252 1134 consilio
1268 1109 1364 1147 pru-

106 1171 128 1205 6
155 1167 379 1219 dentiaque
403 1167 617 1207 debemus.
670 1167 838 1206 Etenim
861 1170 894 1207 si
917 1167 1029 1207 nulla
1051 1172 1247 1221 umquam
1268 1167 1362 1216 fuit,

153 1241 291 1279 liberis
309 1244 479 1287 amissis,
498 1247 585 1279 tam
602 1242 807 1280 imbecillo
823 1242 971 1280 mulier
988 1245 1138 1290 animo,
1155 1255 1262 1294 quae
1280 1256 1363 1286 non

154 1314 373 1366 aliquando
397 1314 567 1366 lugendi
592 1315 760 1354 modum
785 1315 959 1362 fecerit3
1000 1322 1113 1355 certe
1139 1329 1226 1363 nos,
1251 1315 1363 1368 quod

153 1394 217 1427 est
234 1389 321 1427 dies
339 1388 526 1435 allatura,
543 1389 586 1428 id
602 1390 768 1428 consilio
785 1389 992 1428 anteferre
1010 1390 1210 1430 debemus
1225 1403 1363 1442 neque

152 1468 394 1513 exspectare
412 1466 610 1514 temporis
628 1464 888 1511 medicinam,
907 1478 1031 1516 quam
1049 1470 1364 1516 repraesentare

152 1539 311 1575 ratione
323 1539 538 1588 possimus.
586 1537 660 1575 His
675 1551 752 1589 ego
765 1537 914 1576 litteris
926 1540 958 1577 si
972 1537 1071 1590 quid
1083 1532 1360 1589 profecissem,

154 1610 455 1657 existimabam,
471 1611 699 1662 optandum
715 1612 910 1663 quiddam
925 1625 992 1650 me
1006 1625 1095 1651 esse
1108 1596 1362 1658 assecutum}

151 1687 213 1722 sin
227 1687 360 1723 minus
375 1683 483 1723 forte
498 1685 735 1731 valuissent,
750 1686 879 1724 officio
893 1691 1035 1724 tamen
1050 1699 1139 1725 esse
1153 1685 1360 1725 functum1

152 1760 224 1796 viri
257 1758 632 1796 benevolentissimi
671 1764 797 1810 atque
831 1762 1088 1805 amicissimi3
1130 1773 1254 1812 quem
1290 1772 1357 1806 me

151 1831 227 1869 tibi
260 1836 304 1870 et
335 1830 460 1870 fuisse
493 1845 656 1883 semper
688 1835 898 1871 existimes
930 1832 1065 1880 velim,
1098 1838 1143 1872 et
1172 1832 1358 1874 futurum

152 1917 242 1943 esse
261 1905 453 1943 confidas.

496 2015 509 2035 ¹
535 2014 673 2049 Orelli:
699 2016 907 2050 functurum
924 2018 1024 2052 codd.

155 2071 234 2112 894
