1442 2392
686 153 890 194 CICERO

768 291 811 330 ΙΙ

500 398 548 427 Μ.
575 399 615 427 Τ.
644 400 679 427 C.
708 401 740 427 S.
771 400 811 426 D.
840 401 875 426 C.
902 399 1070 426 cUmoNI

604 481 754 520 Romae.
771 493 879 515 Ans-e·
898 484 976 515 701.
1011 507 1013 509 .

236 565 362 606 Gravi
390 573 501 606 teste
530 570 714 618 privatus
744 581 835 606 sum
865 570 1012 607 amoris
1042 569 1190 607 summi
1219 580 1322 620 ergav
1345 572 1392 608 te

184 644 281 687 mei,
303 647 423 692 patre
447 647 534 688 tuo,
557 641 778 680 clarissimo
801 644 885 680 viro
905 655 913 680 :
951 644 1022 693 qui
1044 655 1138 680 cum
1160 644 1243 681 suis
1264 641 1394 680 laudi-

184 714 276 760 bus,
297 720 388 753 tum
409 728 506 753 vero
527 720 572 753 te
595 714 690 761 filio,
711 721 947 766 superasset
967 718 1150 754 omnium
1170 708 1394 762 fortunam,

186 790 220 826 si
252 790 289 826 ei
320 791 575 840 contigisset,
607 794 655 828 ut
685 794 730 827 te
762 794 860 827 ante
892 788 1066 835 videret,
1097 802 1222 841 quam
1253 803 1279 828 a
1307 791 1395 829 vita

185 861 432 901 discederet.
484 861 567 900 Sed
585 875 704 913 spero
722 868 905 901 nostram
924 865 1146 901 amicitiam
1163 876 1247 901 non
1269 874 1393 915 egere

186 935 377 973 testibus.
429 934 520 973 Tibi
537 938 830 986 patrimonium
847 935 889 974 di
906 935 1134 975 fortunent.
1189 935 1263 974 Me
1280 937 1394 986 certe

185 1007 372 1055 habebis,
392 1011 458 1047 cui
479 1014 524 1048 et
544 1022 660 1048 carus
682 1022 815 1061 aeque
836 1012 889 1048 sis
912 1015 957 1048 et
975 1009 1191 1056 iucundus,
1211 1022 1260 1048 ac
1279 1008 1393 1050 fuisti

185 1084 310 1133 patri.

758 1187 824 1226 III

510 1295 557 1322 M.
583 1295 623 1322 T.
651 1297 686 1322 C.
712 1296 746 1322 S.
773 1296 815 1323 D.
842 1296 878 1323 C.
905 1296 1073 1323 CURIONI

608 1378 758 1417 Romae,
775 1390 883 1413 A.u.c.
901 1381 980 1413 701.

239 1464 383 1516 Rupae
396 1465 578 1504 studium
591 1479 674 1503 non
685 1465 819 1503 defuit
831 1465 1168 1505 declarandorum
1179 1480 1396 1511 munerum

187 1543 261 1576 tuo
296 1541 489 1589 nomine:
539 1538 614 1576 sed
647 1552 723 1576 nec
758 1538 857 1576 mihi
892 1538 1060 1589 placuit,
1095 1553 1172 1578 nec
1205 1543 1396 1592 cuiquam

188 1616 367 1658 tuorum,
395 1611 621 1663 quidquam
647 1617 692 1650 te
720 1611 893 1650 absente
921 1612 1022 1658 fieri,
1049 1612 1160 1664 quod
1186 1613 1277 1659 tibi,
1302 1627 1396 1652 cum

188 1687 382 1731 venisses,
412 1698 495 1723 non
526 1690 636 1723 esset
665 1687 888 1736 integrum.
942 1685 1147 1736 Equidem
1178 1686 1277 1738 quid
1306 1699 1398 1727 sen-

188 1761 304 1804 tiam,
329 1764 402 1796 aut
424 1758 598 1797 scribam
623 1758 676 1797 ad
699 1764 743 1797 te
767 1764 913 1809 postea
935 1758 1133 1809 pluribus,
1157 1765 1244 1806 aut,
1267 1773 1321 1799 ne
1344 1760 1398 1800 ad

240 1919 255 1934 ⁰
278 1914 355 1948 The
374 1913 470 1948 elder
490 1914 599 1948 Curio
619 1913 814 1958 supported
835 1913 958 1949 Cicero
977 1916 1120 1958 against
1140 1914 1304 1956 Catiline‚
1324 1916 1397 1951 and

193 1958 306 1991 called
329 1958 384 1991 his
405 1958 611 2001 consulship
633 1969 681 1991 an
703 1961 894 1991 ἀποθέωσις.
943 1958 1002 1992 οη
1024 1959 1085 1992 the
1109 1959 1210 1993 other
1232 1959 1330 1993 hand
1353 1960 1398 1995 he

193 2001 370 2034 defended
391 2001 538 2034 Clodius
558 2003 595 2035 in
615 2002 675 2035 the
694 2001 799 2035 affair
819 2001 859 2035 of
875 2002 935 2035 the
957 2002 1057 2036 Bona
1079 2003 1168 2042 Dea,
1189 2002 1254 2036 but
1273 2002 1398 2038 Cicero

194 2044 375 2078 remained
394 2045 447 2078 his
462 2044 591 2078 friend.

196 2096 249 2141 96
