1442 2392
680 145 884 185 CICERO

176 250 387 298 temporis.
440 248 551 296 Quid
587 251 630 287 in
668 262 718 288 eo
755 262 909 301 genere
947 249 1107 288 efficere
1144 251 1287 301 possis,
1324 251 1386 288 tui

175 302 315 340 consili
350 308 428 341 est.
482 303 572 354 Ego
606 309 664 349 te,
699 303 810 354 quod
843 305 919 342 tibi
953 307 1093 342 veniet
1125 305 1168 342 in
1201 309 1387 342 mentem

176 369 271 394 mea
302 359 517 403 interesse,
550 357 668 395 valde
701 371 816 409 rogo.
870 357 1057 396 Pluribus
1091 358 1224 397 verbis
1257 358 1311 396 ad
1342 363 1386 397 te

176 411 411 457 scriberem,
429 413 463 450 si
481 417 555 450 aut
571 417 646 450 tua
664 411 897 451 humanitas
914 411 1142 463 longiorem
1159 414 1387 451 orationem

177 470 454 515 exspectaret,
471 471 544 504 aut
558 466 601 504 id
617 466 705 504 fieri
720 472 860 505 nostra
875 469 1056 505 amicitia
1069 471 1299 517 pateretur,
1315 472 1389 504 aut

176 531 242 557 res
265 520 391 557 verba
412 520 668 558 desideraret
690 534 738 559 ac
759 534 841 559 non
862 534 937 572 pro
959 534 1003 559 se
1025 524 1116 571 ipsa
1135 520 1388 572 loqueretur.

178 573 268 611 Hoc
297 573 419 611 velim
447 575 524 612 tibi
552 575 815 625 persuadeas,
843 578 876 613 si
904 576 1131 613 rationibus
1159 577 1262 614 meis
1290 588 1316 613 a
1343 580 1388 614 te

177 630 384 678 provisum
424 641 512 667 esse
552 629 810 675 intellexero,
848 643 1042 681 magnam
1081 635 1124 668 te
1164 642 1216 667 ex
1255 641 1306 668 eo
1344 634 1389 668 et

178 688 424 733 perpetuam
443 682 700 734 voluptatem
719 697 809 723 esse
828 690 1059 735 capturum.
1112 683 1228 722 Vale.

752 892 817 930 III

452 1007 500 1036 M.
526 1007 565 1034 T.
594 1010 629 1036 C.
656 1009 689 1036 S.
717 1009 759 1036 D.
785 1009 904 1034 APPIO
931 1007 1118 1035 PULCHRO

585 1099 766 1138 Brundisi,
784 1109 892 1132 A.u.c.
910 1101 989 1132 703.

234 1192 329 1231 A.n.
341 1206 397 1231 xx.
416 1193 624 1231 Kalendas
640 1193 778 1231 Iunias
793 1192 1053 1232 Brundisium
1067 1206 1160 1231 cum
1175 1193 1391 1239 venissem,

183 1247 235 1295 Q.
266 1248 414 1286 Fabius
444 1247 733 1299 Vergilianus,l
760 1247 923 1299 legatus
955 1253 1066 1293 tuus,
1094 1246 1194 1285 mihi
1225 1251 1391 1298 praesto

182 1300 276 1347 fuit,
303 1315 436 1354 eaque
462 1315 529 1340 me
557 1315 609 1340 ex
636 1304 717 1340 tuis
743 1302 949 1340 mandatis
975 1304 1149 1347 monuit,
1176 1313 1283 1353 quae
1309 1313 1391 1339 non

182 1356 304 1393 modo
347 1356 461 1402 mihi,
504 1356 557 1394 ad
599 1369 724 1407 quem
766 1356 1046 1407 pertinebant,
1088 1355 1163 1394 sed
1204 1357 1392 1393 universo

182 1413 345 1449 senatui
368 1416 569 1449 venerant
589 1413 631 1448 in
654 1416 854 1456 mentem,
872 1410 1076 1461 praesidio
1095 1409 1272 1448 firmiore
1290 1421 1392 1461 opus

183 1477 273 1503 esse
302 1465 356 1503 ad
381 1467 504 1503 istam
532 1467 794 1516 provinciam.
848 1463 1086 1503 Censebant
1112 1466 1223 1502 enim
1249 1476 1392 1502 omnes

182 1518 285 1564 fere,
326 1524 374 1557 ut
412 1522 455 1557 in
496 1519 618 1557 Italia
656 1519 991 1570 supplementum
1031 1521 1133 1556 meis
1174 1523 1219 1556 et
1257 1517 1391 1556 Bibuli

181 1572 411 1624 legionibus
457 1574 717 1612 scriberetur.
771 1573 821 1611 Id
866 1587 959 1611 cum
1006 1571 1206 1623 Sulpicius
1251 1570 1392 1610 consul

182 1640 398 1678 passurum
439 1640 483 1666 se
526 1633 715 1679 negaret,
756 1627 888 1665 multa
929 1639 1002 1665 nos
1045 1626 1212 1678 quidem
1255 1627 1391 1677 questi

182 1695 337 1727 sumus,
355 1681 430 1720 sed
446 1687 589 1720 tantus
614 1695 834 1720 consensus
859 1686 1027 1720 senatus
1052 1679 1147 1727 fuit,
1164 1685 1212 1719 ut
1228 1685 1390 1719 mature

181 1736 542 1786 proficisceremur,
557 1736 786 1787 parendum
802 1741 850 1774 ut
864 1734 991 1773 fuerit
1008 1747 1018 1781 ;
1046 1738 1190 1787 itaque
1205 1733 1390 1773 fecimus.

183 1790 316 1837 Nunc,
345 1790 456 1842 quod
485 1804 510 1828 a
538 1796 582 1829 te
611 1792 714 1841 petii
743 1789 892 1828 litteris
920 1792 982 1835 iis,
1012 1802 1114 1841 quas
1144 1788 1299 1827 Romae
1328 1793 1390 1827 ta-

181 1844 358 1883 bellariis
393 1847 475 1883 tuis
511 1843 622 1890 dedi,
657 1844 779 1883 velim
814 1845 890 1882 tibi
925 1856 1047 1882 curae
1083 1845 1150 1890 sit,
1185 1848 1247 1890 ut,
1282 1854 1390 1894 quae

459 1931 472 1951 ¹
495 1931 628 1964 Added
644 1931 687 1974 by
702 1930 834 1973 Benyel
843 1931 945 1973 from
961 1931 1009 1963 iii.
1027 1932 1060 1962 4.
1080 1933 1110 1963 l.

381 2055 396 2070 ⁰
419 2049 485 2084 See
501 2049 570 2082 end
587 2049 628 2082 of
641 2051 723 2082 note
738 2060 756 2082 c
771 2052 810 2082 to
826 2048 888 2082 the
904 2050 1073 2091 previous
1090 2047 1205 2081 letter.

192 2103 268 2142 170
