1442 2392
675 139 880 180 CICERO

173 246 361 294 scriptus,
387 244 440 283 de
477 257 559 296 quo
595 247 698 284 item
724 259 912 284 sermone
938 246 1071 285 multa
1105 249 1258 298 scripta
1282 251 1379 286 sunt

172 309 245 347 abs
282 314 340 348 te.
394 309 484 361 Ego
518 316 659 348 autem
697 313 816 349 citius
854 325 947 349 cum
981 324 1044 358 eo,
1077 314 1147 363 qui
1180 318 1273 351 tuas
1303 313 1379 350 ini-

172 377 345 412 micitias
386 378 647 425 suscepisset,
682 382 868 414 veterem
908 379 1237 416 coniunctionem
1273 377 1379 416 dire-

171 441 350 485 missem,
374 453 498 491 quam
521 454 669 488 novam
692 441 997 488 conciliassem3
1034 455 1170 493 neque
1193 445 1303 481 enim
1324 442 1377 481 de

171 518 264 542 meo
298 518 397 556 erga
429 510 473 544 te
506 505 643 544 studio
675 506 866 544 dubitare
899 506 1040 553 debes,
1072 520 1208 559 neque
1239 507 1283 546 id
1313 513 1379 547 est

171 570 389 608 obscurum
424 572 615 621 cuiquam
650 573 693 609 in
727 574 948 622 provincia,
983 585 1060 611 nec
1094 571 1250 611 Romae
1284 571 1377 611 fuit.

171 634 253 672 Sed
276 640 418 673 tamen
441 636 695 687 significatur
715 639 759 674 in
781 639 863 675 tuis
885 637 1035 676 litteris
1057 640 1232 689 suspicio
1254 651 1378 690 quae-

171 699 265 738 dam
298 706 342 738 et
370 700 575 739 dubitatio
604 707 691 748 tua,
717 701 769 740 de
804 715 886 753 qua
914 702 1093 741 alienum
1121 709 1286 755 tempus
1314 698 1378 742 est

170 764 270 803 mihi
298 771 437 804 tecum
467 766 769 817 expostulandi,
797 767 1001 819 purgandi
1029 773 1171 807 autem
1198 770 1282 807 mei
1307 780 1378 821 ne.-

171 833 405 869 cessarium.
460 831 543 870 Ubi
585 834 694 870 enim
735 845 813 884 ego
853 836 1044 884 cuiquam
1083 832 1282 885 legationi
1317 832 1377 872 fui

170 896 483 946 impedimento,
512 910 593 948 quo
622 900 756 936 minus
786 897 959 936 Romam
988 898 1040 937 ad
1068 898 1234 937 laudem
1261 905 1377 938 tuam

170 962 442 999 mitteretur?
481 967 555 1000 aut
577 965 620 1000 in
644 975 726 1014 quo
749 966 880 1013 potui,
904 966 937 1002 si
960 969 1005 1002 te
1028 963 1166 1015 palam
1188 964 1378 1010 odissem,

170 1029 318 1072 minus,
351 1026 461 1077 quod
493 1027 569 1065 tibi
602 1027 782 1074 obesset,
813 1027 983 1067 facere?
1031 1031 1065 1067 si
1097 1028 1215 1076 clam,
1247 1032 1377 1082 magis

171 1097 315 1142 aperte
344 1094 530 1130 inimicus
562 1093 684 1131 esse?
739 1093 861 1141 Quod
889 1096 922 1132 si
953 1107 1086 1132 essem
1116 1107 1166 1133 ea
1194 1094 1379 1146 perfidia,

171 1170 253 1208 qua
281 1163 378 1196 sunt
413 1160 466 1204 ii,.
485 1160 554 1208 qui
592 1160 635 1196 in
662 1172 735 1196 nos
772 1158 875 1197 haec
902 1158 1134 1205 conferunt,
1160 1166 1303 1198 tamen
1329 1173 1379 1198 ea

170 1222 348 1260 stultitia
376 1228 489 1261 certe
519 1236 599 1260 non
629 1222 811 1270 fuissem,
840 1230 888 1262 ut
916 1230 990 1263 aut
1017 1227 1060 1262 in
1087 1226 1258 1264 obscuro
1285 1225 1378 1264 odio

171 1293 336 1337 apertas
365 1290 611 1334 inimicitias,
642 1294 728 1334 aut,
757 1291 800 1326 in
830 1302 911 1340 quo
940 1290 1016 1328 tibi
1046 1289 1146 1328 nihil
1174 1302 1378 1337 nocerem,

170 1365 372 1390 summam
400 1353 663 1391 ostenderem
691 1354 948 1393 voluntatem
976 1355 1164 1394 nocendi.
1216 1355 1284 1394 Ad
1310 1369 1377 1394 me

171 1417 285 1455 adire
317 1418 515 1469 quosdam
547 1421 730 1465 memini,
762 1422 953 1458 nimirum
986 1433 1038 1458 ex
1069 1420 1277 1471 Epicteto,
1307 1423 1377 1473 qui

170 1482 370 1529 dicerent,
408 1485 527 1522 nimis
564 1497 736 1536 magnos
774 1490 962 1536 sumptus
999 1485 1148 1537 legatis
1185 1486 1376 1525 decerni:

170 1549 317 1599 quibus
338 1561 416 1600 ego
436 1562 518 1587 non
538 1555 625 1587 tam
643 1552 855 1600 imperavi,
875 1563 999 1601 quam
1018 1553 1172 1597 censui,
1190 1557 1377 1602 sumptus

169 1613 318 1664 legatis
363 1627 487 1665 quam
532 1617 711 1653 maxime
757 1615 810 1653 ad
853 1615 989 1667 legem
1033 1615 1263 1654 Corneliam
1307 1616 1377 1655 de-

169 1679 409 1717 cernendos.
462 1679 603 1730 Atque
628 1682 671 1718 in
696 1692 745 1718 eo
769 1682 857 1731 ipso
882 1694 949 1718 me
975 1694 1057 1719 non
1080 1694 1377 1732 perseverasse,

169 1749 299 1782 testes
328 1750 424 1782 sunt
451 1747 631 1783 rationes
659 1748 888 1792 civitatum,
915 1749 957 1784 in
986 1747 1148 1797 quibus,
1175 1753 1377 1798 quantum

170 1823 359 1861 quaeque
403 1809 545 1856 voluit,
587 1810 735 1862 legatis
778 1813 860 1849 tuis
903 1811 1047 1850 datum
1089 1812 1266 1851 induxit.
1317 1811 1376 1851 Te

217 1922 415 1964 “Phrygia
433 1923 618 1965 Epictetus
639 1922 852 1964 (ἐπίκτητος),
876 1934 916 1957 so
939 1923 1053 1958 called
1076 1924 1229 1958 because
1254 1925 1282 1958 it
1303 1924 1375 1959 had

172 1965 263 1998 been
280 1965 398 1998 added
416 1966 466 2008 by
483 1966 541 1999 the
560 1966 720 2000 Romans
736 1970 773 2000 to
791 1967 998 2009 Pergamus.

224 2009 237 2029 ¹³
260 2009 334 2042 The
359 2009 433 2043 Lex
442 1978 632 2048 yCornelia,
649 2010 797 2044 enacted
820 2009 870 2052 by
890 2009 990 2044 Sulla
1014 2013 1048 2044 in
1075 2013 1113 2045 81
1143 2022 1222 2050 n-c„
1239 2010 1373 2046 limited

171 2052 233 2085 the
248 2063 400 2095 expense
415 2052 476 2086 the
491 2055 679 2095 provinces
693 2064 785 2087 were
801 2056 837 2087 to
853 2053 899 2087 be
915 2057 982 2097 put
996 2057 1034 2088 to
1049 2054 1106 2088 for
1121 2054 1182 2088 the
1198 2055 1317 2098 leyata‘.

174 2108 250 2143 222
