1442 2392
672 139 876 179 CICERO

173 257 279 296 quae
302 249 443 283 autem
463 245 598 295 posita
620 249 716 281 sunt
738 245 781 280 in
801 245 1049 288 coniectura,
1065 254 1256 294 quaeque
1276 241 1375 282 mihi

176 299 365 337 videntur
381 297 484 344 fore,
503 311 554 335 ea
571 303 673 348 puto
692 298 768 335 tibi
787 311 812 335 a
829 309 896 335 me
915 297 1034 335 scribi
1052 302 1256 347 oportere.

225 352 501 403 Posteaquam
521 351 739 402 Pompeius
760 357 804 390 et
827 351 937 402 apud
959 350 1156 402 populum
1175 364 1213 389 a.
1233 350 1274 389 d.
1294 351 1377 389 viii.

174 407 271 445 Idus
307 407 442 452 Febr„
471 419 564 445 cum
591 419 665 457 pro
698 405 854 444 Milone
883 405 1054 451 diceret,
1082 404 1258 443 clamore
1285 417 1380 443 con-

173 464 358 512 vicioque
382 463 559 498 iactatus
584 465 662 505 est,
685 462 727 497 in
751 465 981 510 senatuque
1006 472 1030 497 a
1053 458 1211 498 Catone
1235 471 1379 510 aspere

174 521 218 553 et
233 516 379 553 acerbe
399 517 442 552 in
462 514 701 552 amicoruml
718 527 869 565 magno
888 513 1050 551 silentio
1070 518 1134 552 est
1153 519 1380 559 accusatus,

173 572 280 607 visus
301 575 364 607 est
382 569 482 606 mihi
502 568 771 606 vehementer
789 581 878 606 esse
897 568 1176 618 perturbatus.
1230 567 1380 619 Itaque

175 623 455 662 Alexandrina
487 636 619 668 causa,
655 635 762 673 quae
795 623 911 660 nobis
944 621 1078 661 adhuc
1115 624 1279 673 integra
1317 626 1381 660 est

176 677 292 729 (nihil
320 680 428 715 enim
457 678 533 714 tibi
562 677 744 715 detraxit
771 682 953 722 senatus,
980 678 1057 714 nisi
1084 676 1141 722 id,
1169 675 1280 728 quod
1305 687 1382 727 per

175 732 365 770 eamdem
390 731 631 782 religionem
657 730 745 769 dari
771 730 890 768 alteri
915 743 998 768 non
1022 729 1193 782 potest),
1218 729 1382 768 videtur

177 787 228 824 ab
261 786 329 824 illo
367 785 488 836 plane
528 798 618 823 esse
656 785 857 835 deposita.
930 784 1048 822 Nunc
1079 784 1123 823 id
1157 797 1382 836 speramus,

176 841 300 891 idque
324 839 527 885 molimur,
551 845 599 878 ut
621 852 709 885 rex,
733 853 826 877 cum
849 838 1056 890 intelligat
1079 851 1168 877 sese
1191 838 1248 885 id,
1272 837 1383 890 quod

175 895 400 946 cogitabat,
418 900 466 932 ut
482 907 507 932 a
524 893 719 944 Pompeio
734 893 970 939 reducatur,
987 895 1149 944 assequi
1164 905 1247 931 non
1261 905 1382 944 posse

176 955 234 994 et,
270 951 347 986 nisi
382 961 457 999 per
491 954 536 986 te
572 951 626 986 sit
659 950 892 993 restitutus,
928 947 1139 985 desertum
1173 959 1218 985 se
1255 952 1382 998 atque

177 1004 385 1041 abiectum
413 1001 514 1048 fore,
542 1002 822 1052 proficiscatur
850 1001 903 1039 ad
930 1007 1004 1048 te;
1047 1000 1159 1053 quod
1185 1003 1272 1039 sine
1301 1000 1384 1039 ulla

176 1058 450 1102 dubitatione,
483 1059 516 1094 si
550 1055 767 1107 Pompeius
800 1055 968 1107 paulum
1000 1055 1123 1094 modo
1155 1054 1384 1094 ostenderit

178 1112 253 1150 sibi
283 1110 462 1162 placere,
492 1109 631 1149 faciet.
685 1109 767 1148 Sed
798 1112 906 1148 nosti
936 1109 1110 1148 hominis
1141 1109 1384 1148 tarditatem

179 1172 223 1204 et
251 1167 594 1203 taciturnitatem.
648 1164 731 1202 Nos
760 1170 902 1202 tamen
929 1163 1043 1209 nihil,
1072 1163 1183 1215 quod
1211 1163 1264 1202 ad
1291 1175 1384 1202 eam

178 1233 266 1257 rem
309 1222 533 1270 pertineat,
577 1221 959 1270 praetermittimus.
1013 1217 1172 1257 Ceteris
1215 1220 1386 1263 iniuriis,

179 1287 285 1326 quae
321 1276 555 1324 propositae
592 1279 689 1311 sunt
725 1286 750 1310 a
786 1272 958 1318 Catone,
994 1271 1128 1319 facile,
1165 1277 1213 1310 ut
1251 1284 1385 1323 spero,

178 1331 430 1366 resistemus.
484 1328 673 1365 Amicum
700 1340 751 1364 ex
777 1326 1053 1365 consularibus
1077 1328 1286 1364 neminem
1309 1326 1386 1365 tibi

180 1395 269 1421 esse
292 1382 424 1427 video,
445 1387 612 1432 praeter
634 1381 900 1419 Hortensium
923 1387 967 1419 et
989 1380 1203 1418 Lucullum
1221 1393 1232 1427 ;
1258 1382 1387 1419 ceteri

180 1442 276 1475 sunt
326 1439 477 1487 partim
527 1437 734 1474 obscurius
784 1438 926 1486 iniqui,
975 1437 1127 1486 partim
1176 1447 1258 1473 non
1307 1434 1388 1473 dis-

180 1491 420 1529 simulanter
462 1493 569 1528 irati.
630 1490 691 1527 Tu
733 1488 798 1527 fac
840 1492 975 1527 animo
1017 1488 1113 1527 forti
1154 1501 1387 1540 magnoque

179 1548 247 1591 sis,
295 1557 531 1596 speresque,
575 1543 662 1582 fore
710 1549 771 1589 ut,
815 1542 945 1582 fracto
992 1546 1151 1595 impetu
1197 1542 1387 1581 levissimi

228 1644 242 1665 ²
266 1646 416 1678 nimium
437 1653 512 1678 uss.
530 1659 539 1678 ε
572 1646 798 1678 inimicorum
818 1644 969 1686 TyrreH,
981 1644 1171 1686 followiny
1194 1642 1386 1676 Weinhold.

182 1688 255 1721 But
280 1689 355 1721 that
380 1689 497 1722 would
521 1689 607 1721 have
632 1688 761 1731 hardly
786 1688 1023 1721 disconcerted
1047 1687 1214 1731 Pompey,
1238 1687 1389 1720 whereas

181 1732 237 1766 his
245 1732 404 1775 friends’
421 1733 549 1766 silence
566 1733 683 1766 would
699 1732 737 1766 be
753 1732 923 1765 ominous.

232 1888 248 1905 ⁰
270 1884 310 1916 T.
327 1883 471 1916 Annius
489 1882 592 1921 Milo,
610 1882 670 1916 the
686 1882 788 1915 fierce
810 1887 992 1925 opponent
1014 1882 1055 1916 of
1067 1882 1106 1916 P.
1130 1882 1275 1916 Clodius
1294 1883 1386 1916 from

187 1929 230 1959 57
254 1930 291 1960 to
314 1927 374 1960 the
405 1926 539 1959 latter's
562 1926 706 1959 murder
730 1926 765 1957 in
790 1927 844 1958 59.
892 1926 978 1959 This
1004 1937 1090 1968 year
1110 1925 1154 1960 he
1177 1937 1250 1959 was
1280 1926 1388 1970 being

186 1970 361 2004 defended
376 1971 425 2012 by
439 1969 611 2011 Pompey,
625 1969 716 2007 who,
735 1968 822 2002 later
835 1980 893 2008 on,
910 1969 1099 2012 especially
1109 1969 1201 2004 after
1212 1969 1389 2004 Clodius’s

183 2014 339 2053 murder,
357 2013 515 2046 directed
532 2012 579 2046 all
597 2013 651 2046 his
670 2012 845 2046 influence
862 2014 1004 2055 against
1021 2013 1105 2047 him.

186 2080 237 2114 22
