1442 2392
672 138 875 178 CICERO

169 243 309 289 fuisse,
338 256 462 295 quam
489 248 535 282 te
562 242 690 289 mihi;
731 242 857 294 idque
885 256 967 289 me,
995 257 1078 282 non
1104 244 1228 283 modo
1254 251 1304 282 ut
1329 250 1385 284 tu·-

169 300 338 343 sentias,
369 297 443 335 sed
474 302 522 335 ut
553 310 695 335 omnes
726 303 889 348 gentes,
922 300 1047 336 etiam
1080 303 1128 336 ut
1157 301 1378 349 posteritas

99 358 143 390 25
170 355 300 390 omnis
320 351 540 402 intelligat,
562 364 651 390 esse
671 350 891 390 facturum.
945 352 1103 403 Appius
1123 355 1166 390 in
1183 355 1384 392 sermoni-1

170 406 246 445 bus
277 411 402 444 antea
431 406 665 451 dictitabat,
693 411 841 456 postea
869 406 975 444 dixit
1004 409 1131 444 etiam
1159 409 1204 445 in
1231 412 1380 446 senatu

170 460 308 511 palam
323 473 332 498 ε
361 465 385 483 “
399 473 504 506 sese,
528 463 561 498 si
579 459 737 498 licitum
756 465 867 498 esset
885 460 1021 511 legem
1040 463 1240 499 curiatam
1257 460 1380 508 ferre,

171 517 412 553 sortiturum
440 527 530 552 esse
557 527 651 553 eum
679 513 836 565 collega
862 517 1117 565 provincias:
1163 518 1197 554 si
1224 518 1382 554 curiata

172 569 240 607 lex
274 582 357 606 non
391 574 516 614 esset,
550 581 594 606 se
628 574 869 619 paraturum
904 582 997 607 cum
1032 569 1189 621 collega
1222 567 1382 622 tibique

172 636 453 662 successurum
470 635 480 669 ;
510 622 648 674 legem
662 625 862 661 curiatam
878 623 1032 662 consuli
1047 622 1144 662 ferri
1159 637 1261 675 opus
1277 637 1385 670 esse,

175 690 343 715 necesse
374 690 456 715 non
482 689 600 723 esse3
643 690 702 723 se,
725 680 918 728 quoniam
947 690 1000 715 ex
1027 677 1382 717 senatusconsulto

173 734 422 783 provinciam
454 730 643 777 haberet,
674 731 767 782 lege
801 731 989 770 Cornelia
1019 734 1237 783 imperium
1267 732 1384 771 habi-

173 792 327 832 turum,
350 785 487 837 quoad
513 788 556 824 in
580 785 738 823 Urbem
767 785 1019 825 introisset.”
1072 786 1177 838 Ego,
1199 786 1299 838 quid
1329 786 1383 826 ad

174 846 218 879 te
253 846 418 879 tuorum
454 842 627 891 quisque
661 843 982 878 necessariorum
1017 841 1182 887 scribat,
1217 843 1382 880 nescio:

175 897 306 932 varias
339 907 428 932 esse
452 897 663 945 opiniones
693 894 904 945 intellego.
957 894 1077 940 Sunt,
1096 897 1167 946 qui
1196 894 1382 946 putant,1

174 962 295 1000 posse
323 954 367 987 te
395 962 478 986 non
505 948 721 994 decedere,
749 949 860 999 quod
887 951 974 986 sine
1002 948 1096 1000 lege
1122 952 1281 988 curiata
1306 950 1383 988 tibi

176 1002 420 1041 succedatur
437 1015 447 1049 ;
478 1008 575 1041 sunt
592 1005 733 1048 etiam,
750 1005 834 1054 qui,
851 1005 883 1041 si
900 1003 1091 1049 decedas,
1107 1017 1132 1042 a
1148 1009 1192 1042 te
1208 1003 1384 1056 relinqui

175 1070 311 1109 posse,
330 1059 400 1109 qui
418 1059 650 1108 provinciae
669 1059 838 1107 praesit.
891 1056 997 1095 Mihi
1016 1070 1099 1096 non
1116 1063 1205 1096 tam
1223 1057 1276 1096 de
1294 1061 1383 1097 iure

176 1117 337 1150 certum
360 1117 425 1150 est
448 1111 715 1163 (quamquam
738 1124 791 1149 ne
813 1111 857 1149 id
880 1111 1048 1163 quidem
1070 1111 1189 1150 valde
1212 1112 1383 1151 dubium

178 1166 258 1218 est)
292 1179 417 1217 quam
448 1165 549 1204 illud
582 1165 635 1203 ad
667 1171 783 1204 tuam
815 1179 1016 1204 summam
1055 1166 1384 1217 amplitudinem,

175 1220 435 1272 dignitatem,
469 1219 775 1266 liberalitatem,
809 1232 891 1270 qua
923 1226 967 1258 te
1000 1222 1082 1258 scio
1114 1220 1385 1260 libentissime

175 1273 256 1313 frui
281 1274 427 1321 solere,
451 1277 676 1325 pertinere,
702 1279 746 1312 te
773 1276 860 1312 sine
887 1274 970 1312 ulla
995 1287 1110 1312 mora
1134 1277 1382 1326 provinciam

458 1343 472 1363 ¹
497 1353 600 1377 :maz
630 1343 832 1386 Wesenberq
848 1344 951 1377 reads
968 1346 1108 1386 putent.

228 1442 245 1458 ⁰
265 1437 375 1471 What
397 1438 539 1480 Appius
563 1436 735 1470 Claudius
760 1437 921 1476 Pulcher,
944 1436 1070 1470 consul
1095 1437 1166 1471 this
1192 1447 1279 1480 year
1307 1437 1384 1516 (Μέ

183 1481 269 1514 with
288 1481 330 1514 L.
347 1481 528 1514 Domitius
548 1480 824 1520 Ahenobarbus,
838 1491 951 1514 seems
972 1483 1010 1514 to
1029 1491 1134 1515 mean
1151 1482 1180 1514 is
1197 1480 1288 1515 this:
1314 1481 1364 1516 “1

183 1524 305 1558 before
322 1535 385 1567 my
400 1535 486 1567 year
502 1525 531 1557 is
548 1527 610 1557 out
630 1523 646 1557 Ι
663 1534 730 1557 can
750 1527 810 1565 get
829 1534 851 1557 a
867 1524 940 1557 Lex
960 1524 1109 1557 Curiata
1123 1523 1195 1567 (i.e.
1212 1535 1235 1558 a
1251 1524 1382 1559 formal

183 1568 396 1601 ratification
422 1567 462 1601 of
490 1579 552 1610 my
575 1567 808 1610 proconsular
837 1568 1026 1610 imperium
1058 1567 1108 1610 by
1137 1567 1198 1601 the
1226 1567 1381 1612 people),

185 1611 263 1645 well
285 1611 356 1644 and
380 1611 496 1654 good3
523 1611 539 1644 Ι
564 1610 655 1644 shall
678 1610 799 1644 follow
814 1611 874 1644 the
898 1610 1068 1653 ordinary
1090 1610 1286 1654 procedure
1309 1611 1382 1646 and

183 1654 283 1688 draw
298 1654 366 1688 lots
380 1655 463 1688 with
478 1665 540 1697 my
549 1654 733 1696 colleague
746 1654 802 1687 for
818 1665 884 1687 our
898 1656 1083 1697 provinces
1095 1657 1179 1688 next
1189 1664 1288 1697 year.
1335 1655 1389 1695 If„

188 1698 362 1737 however,
379 1698 466 1731 such
483 1708 506 1731 a
522 1698 596 1731 Lex
612 1697 760 1731 Curiata
775 1699 804 1731 is
819 1697 875 1740 (as
889 1708 930 1731 so
946 1697 1045 1731 often
1061 1697 1240 1742 happens)
1253 1698 1382 1733 vetoed

186 1741 235 1784 by
247 1752 269 1775 a
281 1741 433 1780 tribune,
449 1741 463 1774 I
482 1740 571 1774 shall
590 1740 697 1774 make
709 1741 797 1774 shift
810 1744 848 1774 to
863 1740 912 1774 do
923 1741 1074 1774 without
1089 1742 1128 1780 it,
1144 1740 1217 1775 and
1229 1751 1382 1789 arrange

187 1786 272 1818 with
298 1796 359 1827 my
381 1785 565 1827 colleague
581 1787 619 1817 to
630 1784 716 1817 take
732 1784 792 1817 the
805 1786 973 1827 province
985 1783 1101 1818 which
1113 1786 1202 1818 suits
1218 1795 1275 1818 me
1290 1783 1380 1824 best,

185 1830 241 1862 i.e.
268 1828 402 1862 Cilicia.
454 1828 485 1861 A
508 1827 633 1862 consul
654 1839 740 1870 may
757 1838 844 1870 very
864 1827 940 1861 well
965 1827 1130 1870 dispense
1152 1828 1237 1861 with
1262 1839 1285 1862 a
1307 1828 1382 1862 Lex

185 1872 343 1911 Curiata,
357 1871 473 1905 which
489 1873 518 1905 is
534 1871 742 1914 practically
754 1870 970 1914 superseded
987 1871 1035 1914 by
1050 1871 1112 1904 the
1128 1871 1203 1905 Lex
1215 1871 1383 1906 Cornelia

184 1915 332 1957 (Sulla's
355 1915 423 1948 law
442 1915 483 1948 de
504 1915 702 1958 provinciis
722 1915 963 1957 ordinandis),
988 1925 1010 1948 a
1031 1914 1098 1948 law
1118 1914 1233 1948 which
1256 1914 1382 1950 makes

187 1969 234 1991 no
258 1958 434 1992 reference
456 1961 494 1991 to
516 1969 538 1991 a
561 1958 635 1991 Lex
658 1958 816 1997 Curiata,
835 1957 906 1991 and
930 1957 1106 2000 provides,
1122 1969 1258 2001 among
1280 1958 1382 1995 other

184 2002 316 2044 things,
341 2002 398 2035 for
428 2002 488 2035 the
513 2003 688 2035 retention
718 2001 768 2044 by
793 2013 815 2034 a
838 2002 1034 2044 provincial
1063 2012 1240 2044 governor
1264 2001 1305 2035 of
1325 2001 1382 2036 his

183 2045 416 2087 proconsular
433 2046 626 2088 imperium
648 2055 698 2088 up
717 2047 756 2078 to
774 2045 835 2078 the
853 2045 927 2087 day
946 2045 990 2078 he
1009 2048 1178 2078 re—enters
1198 2044 1383 2080 Rome—a

187 2097 238 2135 86
