1442 2392
667 169 871 210 CICERO

163 273 349 327 posthac.
402 273 484 312 Sed
504 276 552 319 si,
574 279 622 312 ut
642 274 797 320 scribis,
819 286 894 312 eae
916 273 1081 312 litterae
1102 287 1186 312 non
1203 273 1374 315 fuerunt

164 330 358 375 disertae,
373 331 475 366 seito
491 341 604 366 meas
621 341 703 366 non
717 327 857 366 fuisse.
912 327 972 366 Ut
988 331 1098 366 enim
1113 328 1373 368 Aristarchus

164 383 335 422 Homeri
353 396 516 421 versum
535 388 677 434 negat,
692 395 817 433 quem
833 395 915 420 non
933 383 1096 433 probat,
1110 385 1167 422 sie
1186 388 1233 422 tu
1253 383 1372 435 (libet

164 440 274 476 enim
292 437 392 475 mihi
410 436 564 488 iocari),
584 436 695 488 quod
713 436 912 475 disertum
931 450 1014 475 non
1033 439 1126 484 erit,
1144 450 1197 476 ne
1214 440 1373 488 putaris

163 505 317 530 meum.
370 490 486 536 Vale,
518 496 563 529 et
591 493 636 528 in
666 504 851 537 censura,
883 493 917 529 si
946 493 1030 529 iam
1061 504 1105 530 es
1136 504 1293 538 censor,
1324 497 1373 532 ut

165 559 298 598 spero,
318 546 370 584 de
388 559 541 597 proavo
558 545 736 583 multum
754 548 936 597 cogitato
954 551 1043 584 tuo.

725 764 812 804 XII

429 898 477 926 M.
503 899 542 925 Τ.
570 900 605 925 C.
632 899 665 926 S·
693 899 734 926 D.
761 899 880 925 APPIO
908 899 1092 927 PULCHRO

594 997 714 1037 Sidae,
731 1009 840 1032 A.u.c.
858 1000 937 1032 704.

213 1109 462 1148 Gratulabor
473 1109 549 1147 tibi
563 1111 675 1160 prius
688 1109 764 1161 (ita
776 1112 886 1147 enim
897 1122 1034 1148 rerum
1046 1109 1145 1148 ordo
1156 1109 1371 1163 postulat),

161 1164 310 1203 deinde
352 1164 405 1202 ad
444 1177 511 1201 me
552 1169 780 1202 convertar.
834 1163 923 1215 Ego
965 1177 1060 1202 vero
1101 1164 1373 1204 vehementer

160 1218 344 1271 gratulor
364 1218 416 1256 de
437 1218 586 1256 iudicio
607 1218 786 1256 ambitus
804 1230 815 1264 ;
850 1231 987 1269 neque
1007 1218 1063 1264 id,
1085 1218 1196 1270 quod
1216 1220 1370 1258 nemini

160 1274 331 1311 dubium
368 1271 461 1318 fuit,
495 1271 728 1310 absolutum
768 1285 858 1310 esse
896 1278 954 1318 te,
986 1272 1060 1310 sed
1095 1271 1210 1319 illud,
1244 1272 1369 1324 quod,

158 1341 239 1378 quo
264 1325 407 1366 melior
431 1331 542 1375 civis,
569 1342 649 1380 quo
675 1331 735 1366 vir
759 1322 915 1374 clarior,
942 1341 1023 1379 quo
1047 1327 1192 1366 fortior
1216 1329 1369 1366 amicus

158 1396 216 1428 es,
250 1396 414 1434 quoque
447 1383 565 1434 plura
597 1385 759 1422 virtutis
792 1383 1019 1421 industriae
1052 1387 1296 1421 ornamenta
1325 1383 1371 1420 in

159 1440 202 1473 te
218 1440 328 1479 sunt,
345 1446 394 1471 eo
408 1434 640 1470 mirandum
656 1439 720 1471 est
734 1435 879 1484 magis,
895 1433 1048 1471 nullam
1064 1446 1116 1472 ne
1130 1436 1175 1472 in
1188 1433 1368 1477 tabellae

159 1488 326 1540 quidem
357 1487 518 1526 latebra
549 1486 674 1525 fuisse
707 1487 990 1526 absconditam
1021 1487 1368 1537 malevolentiam,

160 1556 266 1594 quae
285 1548 329 1580 te
346 1544 589 1593 impugnare
608 1541 795 1580 auderet.
849 1541 942 1579 Non
958 1541 1103 1580 horum
1120 1540 1368 1594 temporum',

158 1610 240 1635 non
261 1596 405 1634 horum
428 1595 638 1633 hominum
660 1601 786 1647 atque
808 1609 968 1634 morum
990 1596 1230 1648 negotium!
1268 1595 1368 1636 nihil

158 1654 239 1689 iam
267 1664 357 1689 sum
384 1650 544 1701 pridem
572 1650 796 1688 admiratus
823 1652 968 1701 magis.
1021 1649 1088 1688 De
1115 1663 1182 1689 me
1210 1655 1367 1698 autem,·

157 1707 316 1756 suscipe
336 1704 558 1755 paullisper
577 1717 691 1742 meas
710 1709 865 1754 partes,
886 1709 930 1743 et
951 1716 1046 1742 eum
1066 1710 1111 1743 te
1131 1717 1222 1743 esse
1242 1704 1366 1757 finge,

158 1762 228 1811 qui
259 1773 350 1797 sum
382 1771 487 1810 ego3
533 1761 567 1796 si
598 1757 717 1811 facile
748 1760 966 1804 inveneris,
997 1758 1097 1810 quid
1128 1758 1253 1804 dicas,
1285 1758 1366 1799 noli

207 1894 222 1910 ⁰
243 1889 319 1922 The
333 1889 578 1932 grammarian
594 1887 635 1920 of
653 1887 897 1927 Samothrace,
911 1887 991 1921 who
1006 1887 1199 1922 flourished
1218 1890 1282 1922 156
1292 1863 1365 1923 ¹¹utc-

163 1933 229 1966 His
246 1932 389 1965 labours
405 1942 495 1965 were
512 1931 647 1974 mainly
662 1931 813 1965 devoted
828 1934 866 1965 to
886 1931 947 1964 the
968 1930 1088 1965 Greek
1106 1934 1219 1975 poem,
1235 1931 1367 1975 05ρωί-

159 1976 232 2038 allgr
248 1976 395 2062 ΙᾸΙΞΞΙῙΞΞ
407 2017 579 2051 Claudius
598 2017 746 2057 Caecus,
764 2028 889 2051 censor
909 2019 1069 2051 312-308
1093 2028 1172 2057 mc..
1190 2017 1250 2051 the
1272 2021 1364 2052 most

161 2062 304 2096 famous
319 2062 360 2095 of
373 2062 432 2095 the
447 2071 599 2095 censore.

164 2119 241 2154 238
