1442 2392
689 113 894 154 CICERO

184 221 336 257 eximia
367 221 494 257 virtus
525 232 790 270 summusque
821 221 864 256 in
894 223 938 256 te
971 232 1084 257 amor
1113 230 1290 271 magnae
1322 218 1397 258 fibi

185 284 451 322 consolationi
473 283 602 322 debet
624 277 727 330 esse,
750 288 794 322 et
815 296 888 322 nos
910 286 1136 335 ceterique,
1158 286 1228 335 qui
1249 288 1293 322 te
1315 296 1399 322 non

187 362 238 387 ex
262 348 444 396 fortuna,
465 348 540 387 sed
563 362 614 386 ex
639 350 792 387 virtute
816 354 890 387 tua
912 348 1130 400 pendimus
1153 361 1399 401 semperque

186 414 431 465 pendemus,
447 419 492 452 et
509 416 689 452 maxime
709 415 833 452 animi
853 415 914 452 tui
933 415 1196 460 conscientia,
1211 427 1305 452 cum
1318 407 1400 459 'tibi

188 479 287 517 nihil
318 482 467 517 merito
499 479 692 517 accidisse
723 479 950 529 reputabis,
982 484 1026 518 et
1055 478 1157 517 illud
1187 479 1402 531 adiunges,

188 544 374 583 homines
401 546 610 594 sapientes
636 544 908 595 turpitudine,
934 557 1017 582 non
1042 557 1154 590 casu,
1180 549 1225 583 et
1250 543 1402 582 delicto

188 623 276 655 suo,
290 623 372 647 non
387 609 558 647 aliorum
570 611 718 647 iniuria
730 611 990 647 commoveri.
1043 609 1134 661 Ego
1148 614 1194 648 et
1204 611 1404 660 memoria

189 680 354 713 nostrae
370 677 521 713 veteris
537 677 756 720 amicitiae,
772 680 817 713 et
831 677 984 713 virtute
1000 680 1127 726 atque
1142 670 1404 714 observantia

190 740 246 777 fili
259 742 321 778 tui
333 742 527 785 monitus,
539 739 651 778 nullo
662 739 751 778 loco
763 740 888 778 deero
900 753 1037 791 neque
1050 739 1104 778 ad
1114 734 1404 780 consolandam

191 818 328 857 neque
353 805 406 843 ad
428 805 646 843 levandam
669 804 878 843 fortunam
902 811 1032 844 tuam.
1084 805 1148 843 Tu
1170 807 1204 843 si
1227 804 1328 856 quid
1345 804 1405 849 *ad

191 883 259 909 me
278 869 386 909 forte
406 873 627 921 scripseris,
645 870 870 921 perficiam,
889 883 942 908 ne
963 875 1007 909 te
1026 869 1180 909 frustra
1197 871 1404 920 scripsisse

193 936 408 975 arbitrere.

730 1081 874 1120 XVIII

523 1198 569 1225 Μ.
598 1199 739 1225 CICERO
766 1199 799 1224 S.
827 1199 867 1225 D.
895 1198 934 1225 Τ.
962 1197 1085 1225 FADIO

698 1300 807 1323 A.u.c.
825 1291 904 1323 702.

245 1384 337 1424 Etsi
366 1390 548 1437 egomet,
577 1387 646 1435 qui
675 1389 719 1422 te
748 1383 945 1422 consolari
975 1386 1108 1434 cupio,
1135 1382 1408 1425 consolandus

194 1453 282 1502 ipse
301 1464 406 1496 sum,
423 1455 645 1501 propterea
664 1449 774 1501 quod
792 1449 946 1487 nullam
964 1462 1051 1487 rem
1069 1452 1232 1500 gravius
1250 1449 1405 1488 iamdiu

195 1516 285 1562 tuli,
319 1529 443 1567 quam
485 1515 790 1553 incommodum
825 1520 959 1560 tuum,
991 1520 1135 1553 tamen
1170 1519 1215 1552 te
1252 1519 1407 1566 magno

194 1594 319 1632 opere
340 1594 423 1619 non
443 1580 583 1619 hortor
602 1580 747 1625 solum,
768 1579 842 1618 sed
863 1582 990 1618 etiam
1010 1592 1085 1630 pro
1105 1592 1244 1618 amore
1264 1585 1407 1618 nostro

193 1659 294 1698 rogo
326 1651 452 1697 atque
485 1658 569 1691 oro,
592 1651 636 1684 te
669 1645 834 1696 colligas
867 1647 1080 1696 virumque
1111 1644 1312 1696 praebeas
1345 1649 1404 1691 et,

194 1725 277 1763 qua
296 1711 533 1750 condicione
553 1723 695 1749 omnes
711 1710 896 1748 homines
917 1715 961 1748 et
981 1710 1128 1761 quibus
1148 1708 1404 1760 temporibus

245 1810 260 1827 ¹²
283 1806 385 1839 Titus
402 1805 534 1838 Fadius
551 1805 677 1839 Gallus
694 1815 766 1837 was
782 1807 950 1847 quaestor
965 1807 1003 1837 to
1019 1803 1144 1837 Cicero
1158 1804 1262 1837 when
1277 1803 1404 1838 consul

197 1851 234 1883 in
256 1852 324 1887 633
360 1849 405 1882 he
425 1859 498 1882 was
519 1860 541 1882 a
562 1849 704 1882 tribune
725 1850 762 1881 in
784 1851 840 1886 58,
862 1847 935 1881 and
956 1858 1029 1881 was
1051 1858 1120 1881 one
1140 1847 1181 1881 of
1198 1847 1300 1881 those
1319 1844 1404 1881 wlio

197 1892 287 1926 tried
305 1896 342 1926 to
363 1893 470 1934 bring
492 1892 604 1925 about
627 1891 781 1925 Cicero's
805 1891 922 1925 recall.
972 1891 1029 1924 He
1052 1901 1125 1924 was
1143 1901 1224 1924 now
1243 1892 1281 1924 in
1298 1890 1402 1930 exile,

198 1936 337 1978 though
351 1935 501 1969 allowed
516 1938 555 1969 to
569 1935 639 1969 live
655 1936 690 1968 in
712 1934 807 1977 Italy
821 1934 894 1968 and
916 1945 974 1968 see
994 1933 1048 1968 his
1069 1933 1220 1977 family:
1243 1933 1317 1968 and
1339 1934 1411 1973 the

197 1979 312 2056 wozds
321 1980 535 2056 {facultatem
555 1979 606 2012 eis
627 1978 813 2012 habituras
834 1981 901 2011 etc.
922 1979 958 2012 in
980 1981 996 2017 ἕ
1016 1980 1038 2011 2
1055 1977 1170 2021 imply
1189 1977 1243 2011 his
1265 1976 1401 2021 speedy

197 2034 252 2056 res
269 2034 330 2056 ora
348 2033 418 2056 lon.

199 2080 276 2115 400
