1442 2392
717 121 921 163 CICERO

216 228 371 280 aliquid
408 228 455 267 fit
491 228 622 267 lenius
661 234 706 267 et
741 228 963 275 liberalius,
1000 242 1125 280 quam
1161 230 1423 270 timebamus.

217 294 335 342 Quae
369 296 563 345 quoniam
595 296 638 331 in
670 299 904 345 temporum
937 293 1266 333 inclinationibus
1299 308 1424 347 saepe

216 361 350 411 parvis
382 361 518 410 posita
549 364 660 405 sunt,
693 361 830 397 omnia
862 364 1074 397 momenta
1105 360 1425 406 observabimus,

217 438 354 476 neque
376 424 504 462 ullum
524 426 906 476 praetermittemus
928 426 990 462 tui
1011 424 1177 463 iuvandi
1199 430 1243 463 et
1263 424 1426 464 levandi

179 489 570 541 6locum.1taque
595 489 696 528 illud
720 489 910 536 alterum,
936 490 1047 541 quod
1071 490 1170 536 dixi,
1192 487 1426 548 litterarum

218 568 348 607 genus
364 555 549 606 quotidie
564 555 678 601 mihi,
694 560 741 593 ut
757 567 889 609 spero,
905 554 979 593 fiet
992 555 1221 606 proclivius,
1235 561 1284 594 ut
1300 552 1428 606 etiam

217 620 398 672 polliceri
409 623 574 672 possim.
630 620 680 658 Id
691 633 749 666 re,
762 633 887 671 quam
898 621 1046 667 verbis,
1057 620 1207 659 faciam
1216 617 1430 680 libentius,

217 686 280 724 Tu
296 685 418 724 velim
435 688 661 732 existimes,
679 691 723 724 et
737 685 875 736 plures
891 691 935 724 te
951 688 1102 724 amicos
1117 685 1286 732 habere,
1301 699 1428 739 quam

219 753 289 803 qui
308 753 350 789 in
368 753 451 790 isto
467 764 564 789 casu
584 754 666 789 sint
684 764 732 789 ac
750 750 920 796 fuerint,
940 756 1142 802 quantum
1161 751 1329 803 quidem
1347 765 1429 804 ego

219 816 462 868 intellegere
480 818 701 867 potuerim,
717 821 761 854 et
779 829 846 854 me
861 816 1087 855 concedere
1103 829 1244 855 eorum
1258 820 1425 857 nemini.

220 882 387 920 Fortem
407 880 473 919 fae
494 884 676 919 animum
696 881 850 920 habeas
873 886 917 920 et
936 891 1154 933 magnum,
1168 881 1280 933 quod
1300 887 1365 921 est
1383 882 1427 922 in

220 959 301 986 uno
321 952 379 985 te.
433 946 551 994 Quae
572 952 667 984 sunt
687 949 730 984 in
747 945 927 992 fortuna,
947 947 1201 998 temporibus
1215 952 1427 1002 regentur,

222 1018 266 1051 et
283 1012 456 1050 consiliis
475 1014 622 1050 nostris
641 1012 978 1063 providebuntur.
1304 1006 1309 1010 ”
1423 998 1426 1005 ν

532 1268 580 1296 Μ.
608 1269 751 1295 CICERO
778 1269 811 1295 S.
839 1269 880 1295 D.
907 1269 1112 1296 TREBIANO

640 1351 790 1390 Romae,
807 1362 914 1384 A.u.c.
932 1353 1011 1385 709.

184 1442 203 1477 1
275 1437 535 1477 Dolabellam
571 1442 697 1475 antea
733 1437 1021 1476 tantummodo
1059 1436 1295 1490 diligebam,
1323 1438 1428 1493 ''obli-

222 1507 344 1555 gatus
374 1506 412 1541 ei
441 1501 540 1541 nihil
570 1516 682 1541 eram
711 1501 804 1555 (nec
831 1504 941 1541 enim
967 1503 1173 1542 acciderat
1198 1503 1297 1543 mihi
1324 1517 1428 1557 opus

223 1582 328 1615 esse,
353 1573 398 1606 et
421 1567 488 1606 ille
513 1567 612 1606 mihi
637 1567 833 1614 debebat,
859 1567 971 1619 quod
994 1581 1076 1606 non
1100 1567 1316 1608 defueram
1340 1572 1428 1609 eius

222 1633 453 1685 perieulis);
480 1646 588 1671 nunc
607 1638 726 1671 tanto
745 1646 836 1671 sum
862 1632 1074 1672 devinctus
1102 1636 1188 1672 eius
1214 1622 1428 1682 beneficio,

223 1698 334 1750 quod
352 1704 397 1736 et
415 1703 540 1736 antea
557 1701 599 1735 in
616 1711 676 1744 re,
695 1703 740 1736 et
756 1697 833 1737 hoc
851 1703 1039 1750 tempore
1057 1700 1099 1736 in
1118 1698 1250 1737 salute
1269 1705 1344 1738 tua
1361 1713 1429 1739 cu-

223 1763 491 1802 mulatissime
515 1763 614 1801 mihi
639 1762 852 1810 satisfecit,
876 1769 924 1802 ut
947 1765 1101 1801 nemini
1123 1763 1215 1815 plus
1239 1759 1429 1806 debeam.

273 1896 289 1912 ⁰
312 1892 381 1930 i.e.,
398 1891 458 1924 the
474 1891 700 1933 consolatory
721 1890 820 1924 kind.

274 1935 288 1956 δ
312 1934 498 1968 Dolabella
524 1945 597 1968 was
622 1936 723 1968 twice
748 1934 838 1968 tried
863 1945 909 1968 on
934 1945 957 1967 a
981 1935 1114 1977 capital
1138 1935 1283 1978 charge,
1309 1935 1432 1972 before

229 1978 273 2012 he
291 1989 363 2011 was
380 1981 526 2021 twenty.
575 1978 684 2011 What
702 1979 802 2011 those
819 1978 969 2021 charges
988 1989 1078 2012 were
1096 1989 1148 2012 we
1164 1978 1212 2012 do
1229 1982 1293 2013 not
1309 1979 1431 2017 know.

230 2022 299 2055 For
314 2032 336 2055 a
351 2021 490 2055 further
504 2025 658 2055 account
673 2021 714 2055 of
728 2021 914 2055 Dolabella
931 2032 989 2055 see
1006 2025 1088 2055 note
1105 2033 1152 2055 on
1168 2023 1217 2056 iii.
1238 2025 1291 2056 10.
1311 2025 1342 2058 1.

230 2079 310 2113 484
