1442 2392
684 130 888 170 CICERO

734 244 840 282 XIII

625 344 767 370 CICERO
794 344 956 370 LIGARIO

605 418 753 457 Romae,
772 430 878 452 Asty-c.
897 421 975 452 708.

150 494 163 528 1
236 489 326 527 Etsi
341 488 414 527 tali
429 494 502 526 tuo
518 494 705 539 tempore
721 502 787 526 me
803 494 876 527 aut
891 489 1125 528 consolandi
1140 495 1213 529 aut
1227 491 1391 532 iuvandi

184 554 246 590 tui
271 564 393 589 causa
418 551 594 589 scribere
621 551 674 589 ad
699 556 743 588 te
769 550 923 602 aliquid
947 565 1021 602 pro
1047 557 1187 590 nostra
1211 555 1392 592 amicitia

185 614 417 665 oportebat,
439 618 581 651 tamen
603 612 735 651 adhuc
756 613 799 651 id
819 626 902 651 non
922 612 1117 660 feceram,
1139 616 1235 665 quia
1255 627 1393 667 neque

184 676 311 714 lenire
337 675 506 713 videbar
531 677 716 713 oratione
741 688 878 727 neque
902 675 1040 714 levare
1064 689 1184 727 posse
1210 676 1392 716 dolorem·

184 745 316 777 tuum.
371 738 521 776 Postea
562 751 659 776 vero
702 751 826 789 quam
860 751 1054 790 magnam
1087 752 1204 790 spem
1237 739 1392 783 habere

185 804 301 853 coepi
323 800 411 839 fore
440 806 488 838 ut
515 806 560 838 te
588 801 702 838 brevi
730 806 918 852 tempore
947 801 1194 840 incolumem
1221 799 1393 842 habe're-

184 878 288 910 mus,
314 863 451 902 facere
480 877 562 901 non
594 866 725 914 potui,
753 866 852 914 quin
882 864 959 902 tibi
986 869 1030 902 et
1063 867 1315 903 sententiam
1348 870 1393 907 et

144 933 164 965 2
183 927 440 966 voluntatem
464 926 715 964 declararem
739 939 888 965 meam.
944 925 1126 964 Primum
1149 930 1275 978 igitur
1298 930 1393 967 scri-

183 991 292 1035 bam,
306 989 417 1040 quod
432 988 628 1040 intellego
642 995 686 1027 et
701 991 916 1040 perspicio,
928 1003 1011 1027 non
1025 988 1114 1028 fore
1129 992 1171 1027 in
1187 995 1232 1028 te
1245 990 1393 1030 Caesa-

182 1067 270 1091 rem
291 1052 509 1097 duriorem,
547 1065 643 1089 nam
666 1057 710 1089 et
736 1065 802 1089 res
833 1065 927 1090 eum
949 1052 1148 1102 quotidie,
1170 1057 1215 1091 et
1237 1052 1326 1091 dies
1347 1058 1393 1092 et

184 1117 319 1166 opinio
335 1114 546 1153 hominum
564 1119 621 1159 et,
638 1119 685 1151 ut
700 1113 799 1151 mihi
817 1114 992 1159 videtur,
1010 1116 1137 1152 etiam
1153 1128 1227 1152 sua
1242 1121 1391 1154 natura

184 1181 388 1216 mitiorem
415 1176 529 1222 facit,
572 1177 696 1228 idque
723 1190 815 1214 cum
842 1177 894 1215 de
929 1177 1094 1228 reliquis
1127 1179 1275 1223 sentio,
1301 1183 1393 1216 tum

184 1241 236 1279 de
256 1246 300 1279 te
322 1243 448 1278 etiam
469 1239 589 1277 audio
611 1253 661 1277 ex
681 1238 1004 1277 familiarissimis
1026 1242 1126 1286 eius,
1146 1240 1293 1291 quibus
1314 1253 1392 1293 ego

185 1317 237 1342 ex
258 1316 306 1341 eo
326 1308 528 1353 tempore,
548 1315 628 1353 quo
648 1304 826 1352 primum
846 1314 897 1339 ex
917 1300 1057 1339 Africa
1077 1305 1244 1340 nuntius
1263 1305 1392 1350 venit,

184 1365 411 1416 supplicare
435 1377 515 1401 una
535 1378 629 1402 cum
649 1363 843 1401 fratribus
865 1365 947 1401 tuis
968 1376 1051 1401 non
1072 1363 1227 1403 destiti.
1281 1364 1393 1412 Quo-

182 1436 272 1460 rum
297 1422 464 1472 quidem
485 1427 529 1460 et
549 1424 702 1460 virtute
727 1427 771 1460 et
791 1425 950 1472 pietate
972 1429 1015 1461 et
1036 1425 1163 1462 amori
1183 1426 1226 1461 in
1248 1429 1293 1462 te
1315 1427 1396 1463 sin-

182 1485 313 1536 gulari
330 1490 374 1522 et
390 1484 551 1522 assidua
568 1489 611 1521 et
627 1490 829 1534 perpetua
845 1498 941 1522 cura
956 1485 1098 1524 salutis
1115 1491 1214 1524 tuae
1228 1491 1395 1525 tantum

183 1547 405 1598 proficitur,
439 1552 486 1584 ut
518 1545 617 1583 nihil
651 1549 717 1591 sit,
752 1546 861 1597 quod
894 1559 975 1585 non
1008 1550 1142 1598 ipsum
1174 1547 1394 1588 Caesarem

143 1618 164 1651 3
183 1610 434 1648 tributurum
475 1611 720 1646 existimem.
778 1608 858 1646 Sed
898 1612 930 1646 si
971 1609 1126 1648 tardius
1169 1610 1237 1655 fit,
1269 1623 1393 1662 quam

183 1672 382 1716 volumus,
411 1673 570 1721 magnis
600 1671 933 1721 occupationibus
966 1674 1066 1717 eius,
1093 1685 1117 1709 a
1147 1685 1227 1723 quo
1256 1675 1392 1713 omnia

236 1766 251 1781 ‘²
275 1761 332 1794 He
350 1760 422 1793 had
440 1760 570 1803 fought
587 1761 730 1802 against
747 1759 879 1792 Caesar
896 1762 934 1792 at
951 1758 1128 1801 Thapsus,
1146 1759 1232 1799 and,
1251 1760 1390 1803 though

188 1803 384 1847 pardoned,
403 1814 475 1837 was
491 1807 554 1836 not
576 1803 725 1836 allowed
749 1807 786 1836 to
809 1806 930 1836 return
953 1806 991 1835 to
1016 1802 1121 1845 Italy.
1173 1803 1287 1846 Being
1309 1814 1391 1847 pro-

187 1847 331 1882 secuted
359 1847 408 1889 by
436 1846 481 1888 Q.
510 1847 652 1880 Tubero
679 1858 726 1879 on
753 1858 775 1879 a
802 1846 934 1888 charge
961 1845 1002 1878 of
1026 1846 1225 1888 perduellio
1251 1846 1307 1880 for
1333 1847 1390 1881 his

188 1891 342 1925 conduct
353 1891 388 1924 in
402 1891 525 1923 Africa
536 1891 622 1933 (i.e.‚
636 1891 855 1933 supporting
864 1889 887 1924 J
892 1889 964 1922 uba
976 1890 1118 1932 against
1127 1889 1187 1923 the
1199 1889 1360 1924 Romans
1377 1914 1389 1930 .

190 1935 234 1968 he
257 1945 330 1967 was
354 1933 533 1967 defended
567 1933 617 1976 by
640 1933 764 1967 Cicero
787 1935 823 1966 in
846 1944 893 1966 an
924 1932 1123 1966 admirable
1153 1934 1295 1976 speech,
1319 1943 1336 1968 s

187 1982 320 2017 extant,
338 1977 453 2010 which
471 1977 598 2011 moved
615 1977 746 2010 Caesar
761 1981 799 2010 to
814 1977 976 2010 sanction
994 1976 1048 2010 his
1064 1979 1197 2010 return.

229 2023 242 2043 ⁶
266 2021 318 2055 Of
331 2020 495 2054 Caesar's
511 2022 650 2064 victory
667 2023 704 2053 at
719 2020 886 2063 Thapsus
902 2030 949 2052 on
965 2019 1055 2063 Apr.
1073 2021 1107 2059 6,
1123 2021 1167 2053 46
1185 2030 1250 2054 ac.

189 2077 267 2118 494
