1442 2392
707 132 912 171 CICERO

206 241 313 274 tram
340 235 464 274 fidem
489 248 646 282 omnes,
672 249 852 275 amorem
878 239 939 275 tui
966 237 1147 275 absentis
1170 239 1410 286 praesentes

206 293 268 329 tui
283 296 545 342 cognoscent.
599 290 640 329 Si
657 297 767 330 esset
781 293 823 329 in
838 294 886 329 iis
902 292 1017 337 fides,
1032 294 1074 329 in
1090 291 1237 344 quibus
1251 301 1410 329 summa

206 360 295 386 esse
315 348 511 394 debebat,
530 361 612 386 non
630 348 921 387 laboraremus.
973 348 1089 387 Vale.

791 532 834 572 11

426 648 472 674 M.
499 648 539 675 T.
566 649 602 676 C.
629 649 662 676 S.
691 650 731 676 D.
760 651 797 676 P.
825 650 1004 676 LENTULO
1031 648 1194 677 PROCOS.

634 741 784 780 Romae,
801 752 909 775 A.u.c.
927 744 1005 775 698.

157 823 178 858 1
258 817 398 856 Idibus
436 817 633 856 Ianuariis
654 821 709 856 'in
745 825 892 857 senatu
927 818 1027 856 nihil
1063 823 1128 857 est
1163 816 1411 863 confectum,

205 880 426 925 propterea
445 874 555 925 quod
574 875 661 912 dies
681 889 832 927 magna
852 889 903 914 ex
923 881 1042 927 parte
1061 880 1327 926 consumptus
1346 878 1411 925 qt

207 931 474 970 altercatione
494 931 661 970 Lentuli
679 931 852 970 consulis
871 939 915 971 et
934 932 1078 970 Canini
1095 933 1249 971 tribuni
1265 931 1410 983 plebis.

206 988 267 1026 Eo
287 988 353 1026 die
373 1002 446 1027 nos
466 1002 630 1040 quoque
650 989 782 1028 multa
800 990 926 1028 verba
944 988 1129 1035 fecimus,
1147 991 1410 1040 maximeque

206 1047 280 1083 visi
299 1058 437 1083 sumus
453 1051 645 1084 senatum
663 1048 1051 1084 commemoratione
1071 1051 1170 1084 tuae
1188 1045 1410 1084 voluntatis

207 1114 306 1153 erga
338 1101 453 1140 illum
487 1102 672 1140 ordinem
707 1116 977 1141 commovere.
1032 1103 1203 1176 Itaque
1214 1101 1410 1154 postridie

206 1158 374 1209 placuit,
394 1165 441 1198 ut
459 1160 640 1198 breviter
659 1162 886 1198 sententias
906 1160 1161 1206 diceremus,
1182 1149 1412 1198 videbatur

206 1219 315 1253 enim
336 1217 597 1255 reconciliata
617 1218 732 1255 nobis
753 1217 940 1256 voluntas
960 1223 1128 1256 senatus
1149 1229 1266 1262 esse;
1301 1215 1412 1269 quod

207 1277 296 1310 tum
328 1273 515 1320 dicendo,
538 1280 628 1312 tum
658 1274 825 1325 singulis
857 1273 1109 1325 appellandis
1137 1271 1411 1325 rogandisque

206 1343 511 1380 perspexeram.
566 1331 714 1382 Itaque
748 1345 842 1369 cum
875 1333 1083 1370 sententia
1114 1333 1246 1383 prima
1278 1329 1410 1369 Bibuli

206 1389 473 1437 pronuntiata
496 1393 620 1434 esset,
643 1393 692 1426 ut
714 1393 798 1426 tres
821 1387 949 1439 legati
972 1401 1115 1440 regem
1137 1387 1410 1432 reducerent;

207 1444 387 1482 secunda
421 1444 631 1490 Hortensi,
665 1450 713 1483 ut
746 1450 794 1483 tu
827 1447 914 1483 sine
949 1446 1133 1483 exercitu
1165 1444 1410 1489 reduceres3

206 1503 333 1539 tertia
358 1500 530 1547 Volcati,
554 1507 602 1540 ut
631 1501 848 1552 Pompeius
875 1502 1121 1548 reduceret3
1157 1500 1411 1553 postulatum

207 1564 286 1604 est,
316 1563 364 1596 ut
394 1557 527 1596 Bibuli
558 1561 766 1597 sententia
795 1559 1060 1597 divideretur.
1113 1557 1328 1606 Quatenus
1357 1557 1410 1597 de

206 1614 402 1666 religione
431 1615 610 1660 dicebat,
638 1617 702 1653 cui
735 1617 794 1652 rei
827 1617 910 1653 iam
943 1616 1084 1654 obsisti
1117 1628 1200 1653 non
1231 1620 1411 1666 poterat,

206 1670 351 1709 Bibulo
378 1685 588 1710 assensum
615 1678 707 1718 est;
748 1672 801 1710 de
827 1673 957 1710 tribus
983 1671 1146 1723 legatis,
1171 1670 1411 1723 frequentes

256 1800 442 1834 “Gnaeus
465 1800 650 1834 Cornelius
674 1801 847 1834 Lentulus
872 1800 1113 1840 Marcellinus,
1138 1799 1291 1834 referred
1313 1803 1352 1835 to
1371 1810 1411 1834 as

213 1844 444 1877 Marcellinus
468 1846 504 1878 in
528 1845 587 1878 the
610 1844 804 1887 preceding
825 1844 936 1878 letter.
986 1844 1043 1877 He
1063 1854 1136 1878 was
1162 1844 1287 1878 consul
1308 1846 1344 1878 in
1366 1847 1410 1878 56

211 1888 295 1921 with
314 1888 445 1921 Lucius
464 1888 623 1922 Marcius
640 1888 756 1930 Philip
733 1898 837 1931 p-pus

255 1931 268 1951 ¹²
293 1931 371 1964 Viz.
405 1932 456 1973 (l)
482 1931 583 1965 Shall
608 1932 668 1965 the
691 1942 795 1974 army
817 1931 862 1964 be
889 1930 1105 1970 eliminated,
1130 1932 1166 1964 in
1192 1930 1410 1965 accordance

210 1975 295 2008 with
313 1975 372 2007 the
389 1975 506 2009 oracle
519 1979 534 2008 Ρ
581 1974 632 2018 (9.)
658 1975 758 2009 Shall
775 1975 875 2008 three
891 1975 1178 2008 commissionem
1192 1974 1239 2009 be
1254 1978 1334 2009 sent
1345 1977 1362 2010 1³

258 2018 406 2051 ⁶Lit.“
422 2018 526 2052 voted
544 2018 600 2052 for
614 2019 794 2062 anything
809 2018 906 2052 else
897 2029 933 2052 m
949 2018 1010 2052 the
1027 2017 1173 2052 world?
