1442 2392
670 176 874 215 CICERO

116 293 137 325 3
165 286 403 325 existimari.
457 282 579 331 Quod
605 287 746 320 autem
773 280 871 319 mihi
898 281 950 319 de
978 294 1042 326 en,
1068 279 1179 332 quod
1204 281 1374 332 egerim,

164 361 396 414 gratularis,
412 365 455 398 te
472 362 532 397 ita
548 358 652 397 velle
669 363 783 396 certo
799 359 881 396 scio
900 369 909 402 ;
940 356 1014 395 sed
1030 369 1108 408 ego
1125 362 1211 394 tam
1227 342 1375 394 misero

165 445 353 489 tempore
385 435 485 474 nihil
516 437 609 473 novi
641 434 780 473 consili
813 436 1026 484 cepissem,
1058 434 1135 471 nisi
1165 435 1208 470 in
1238 432 1376 473 reditu

166 528 260 553 meo
282 512 407 551 nihilo
429 511 618 550 meliores
640 524 705 549 res
728 510 988 555 domesticas,
1012 522 1136 560 quam
1157 507 1383 559 rempubli-·

168 605 258 629 cam
280 588 555 627 offendissem.
609 586 767 635 Quibus
790 588 900 624 enim
922 598 996 636 pro
1017 587 1120 623 meis
1141 583 1378 623 immortali-

167 668 243 705 bus
267 664 476 704 beneficiis
499 665 706 702 carissima
729 675 824 700 mea
846 661 954 700 salus
978 667 1023 700 et
1045 674 1164 699 meae
1187 659 1379 699 fortunae

169 756 258 782 esse
282 741 508 786 debebant,
531 754 624 778 cum
647 744 817 790 propter
840 751 981 776 eorum
1005 736 1135 776 scelus
1159 735 1258 774 nihil
1280 718 1380 775 mihi

168 822 277 857 intra
293 831 406 856 meos
423 819 603 867 parietes
621 820 775 860 tutum,
792 813 891 851 nihil
907 813 1062 852 insidiis
1079 826 1253 851 vacuum
1270 812 1380 853 vide-

168 909 270 940 rem,
301 907 497 932 novarum
527 905 594 930 me
625 890 975 930 necessitudinum
1007 889 1208 928 fidelitate
1238 894 1382 928 contra

170 977 358 1010 veterum
400 968 615 1020 perfidiam
657 966 926 1005 muniendum
968 968 1125 1016 putavi.
1205 963 1288 1003 Sed
1327 962 1382 1004 de'

121 1055 143 1086 4
170 1049 318 1085 nostris
334 1046 457 1083 rebus
471 1047 585 1090 satis,
598 1043 662 1082 vel
678 1046 805 1081 etiam
820 1045 990 1080 nimium
1005 1041 1151 1080 multa.
1205 1039 1271 1078 De
1286 1042 1382 1087 tuis,

171 1123 306 1168 velim,
329 1127 377 1160 ut
398 1134 447 1159 eo
469 1123 522 1159 sis
545 1122 695 1165 animo,
717 1132 798 1170 quo
820 1118 948 1156 debes
971 1130 1075 1164 esse,
1096 1116 1139 1155 id
1161 1122 1239 1163 est,
1261 1122 1309 1156 ut
1328 1129 1382 1156 ne

171 1199 270 1252 quid
287 1199 364 1238 tibi
381 1199 602 1249 praecipue
621 1195 852 1235 timendum
870 1200 1007 1246 putes.
1061 1192 1103 1232 Si
1122 1196 1231 1232 enim
1249 1198 1383 1232 status

172 1279 251 1315 erit
268 1275 413 1326 aliquis
430 1275 621 1318 civitatis,
640 1274 887 1324 quicumque
907 1273 999 1317 erit,
1016 1275 1061 1309 te
1078 1272 1260 1308 omnium
1277 1271 1384 1321 peri-

170 1353 353 1392 culorum
376 1351 494 1389 video
518 1355 733 1400 expertem
756 1347 873 1394 fore3
910 1360 1006 1385 nam
1029 1346 1180 1385 alteros
1202 1346 1278 1385 tibi
1301 1337 1383 1385 iam

171 1429 353 1481 placatos
368 1439 458 1466 esse
469 1425 681 1477 intellego,
694 1425 844 1463 alteros
861 1436 1086 1475 numquam
1102 1425 1228 1461 iratos
1242 1420 1382 1461 fuisse.

172 1506 237 1544 De
257 1518 352 1542 mea
371 1508 513 1542 autem
532 1505 575 1540 in
594 1507 638 1540 te
659 1500 872 1539 voluntate
893 1502 950 1538 sic
970 1498 1093 1537 velim
1111 1498 1281 1544 iudices,
1302 1500 1383 1545 me,

172 1582 498 1634 quibuscumque
534 1578 658 1616 rebus
696 1590 797 1628 opus
831 1589 921 1614 esse
953 1574 1208 1626 intellegam,
1241 1587 1384 1625 quam-

173 1671 298 1710 quam
319 1655 496 1701 videam,
518 1657 587 1706 qui
610 1656 686 1692 sim
711 1652 788 1691 hoc
815 1657 1004 1702 tempore
1033 1655 1078 1689 et
1099 1649 1198 1702 quid
1218 1652 1385 1700 possim,

171 1746 297 1784 opera
326 1738 469 1770 tamen
500 1736 544 1768 et
574 1729 754 1774 consilio,
784 1728 920 1767 studio
952 1726 1119 1778 quidem
1150 1731 1278 1772 certe,
1308 1727 1382 1772 rei,

171 1809 322 1854 famae,
352 1807 474 1846 saluti
504 1812 602 1845 tuae
632 1810 798 1856 praesto
827 1803 1026 1842 futurum.
1079 1801 1143 1840 Tu
1173 1801 1309 1847 velim,
1339 1806 1384 1840 et

173 1885 273 1938 quid
291 1897 405 1935 agas,
423 1889 468 1922 et
486 1881 586 1934 quid
605 1887 792 1920 acturum
811 1886 854 1918 te
874 1884 1011 1930 putes,
1029 1877 1155 1916 facias
1173 1890 1240 1915 me
1259 1889 1383 1928 quam

174 1962 486 2012 diligentissime
509 1961 740 1997 certiorem.
795 1955 910 1994 Vale.

254 2081 268 2096 α
294 2076 361 2109 His
379 2077 556 2118 marriage
573 2074 658 2108 with
678 2072 841 2107 Publilia.
890 2072 957 2106 See
974 2074 1058 2105 note
1072 2081 1098 2105 a
1113 2081 1161 2105 on
1176 2082 1214 2113 p.
1227 2072 1308 2104 314.
1356 2045 1357 2048 Ἴ

172 2128 250 2167 816
