1442 2392
661 135 864 176 CICERO

161 253 245 286 eos,
277 243 349 292 qui
383 243 522 279 venari
558 240 706 287 solent,
741 243 878 292 agitur
913 241 1110 280 mandato
1145 253 1240 284 meo
1275 239 1364 279 dilit-

158 300 308 346 genter
325 307 342 340 ;¹
378 295 453 333 sed
479 298 582 333 mira
610 298 795 346 paucitas
825 300 903 341 est,
932 301 977 334 et
1006 308 1089 341 eas,
1118 297 1364 347 qu'aeffisunli,

156 348 279 387 valde
302 351 419 388 aiunt
441 352 572 400 queri,
596 350 706 401 quod
729 349 829 387 nihil
850 352 1041 401 cuiquam
1063 348 1302 388 insidiarum
1321 351 1365 388 in

158 416 253 441 mea
286 406 506 454 provincia,
541 407 618 442 nisi
653 405 743 450 sibi,
779 404 879 449 fiat3
927 406 1070 455 itaque
1104 406 1364 442 constituisse

159 457 352 496 dicuntur
387 461 430 496 in
463 458 624 496 Cariam
657 471 709 496 ex
742 464 883 497 nostra
913 460 1119 509 provincia
1149 457 1365 496 decedere.

160 511 242 551 Sed
256 518 399 550 tamen
413 512 555 550 sedulo
571 513 618 551 fit
633 518 677 551 et
690 515 733 550 in
746 514 887 564 primis
901 526 927 550 a
941 512 1116 551 Patisco.
1156 511 1366 563 Quidquid

161 569 254 612 erit,
282 567 359 605 tibi
388 569 494 612 erit;
537 567 611 606 sed
639 567 739 619 quid
767 573 891 613 esset,
918 566 1040 618 plane
1068 567 1364 605 nesciebamus.

163 620 269 660 Mihi
307 620 541 660 mehercule
578 635 755 673 magnae
792 634 914 659 curae
952 627 1016 659 est
1053 621 1240 659 aedilitas
1277 626 1364 659 tum.

162 674 256 725 Ipse
287 675 374 713 dies
404 689 471 714 me
503 676 767 714 admonebat.
819 675 967 726 Scripsi
998 678 1108 713 enim
1137 675 1240 714 haec
1267 677 1364 726 ipsis

161 729 483 780 Megalensibus.
536 730 598 768 Tu
617 730 739 768 velim
758 730 811 768 ad
830 743 896 768 me
916 730 968 768 de
988 732 1099 768 omni
1116 729 1364 780 reipublicae

160 789 274 822 statu
322 797 447 835 quam
495 784 805 836 diligentissime
852 785 1093 835 perscribas.
1145 784 1208 822 Ea
1254 786 1365 823 enim

160 840 387 877 certissima
402 839 574 890 putabo,
593 852 699 891 quae
719 852 770 877 ex
789 845 833 877 te
852 852 1042 890 cognoro.

721 990 804 1028 XII

313 1090 360 1116 M.
387 1090 426 1116 Τ.
454 1092 489 1117 c.
518 1091 606 1117 ΙΜΡ.
634 1091 666 1117 s.
694 1091 735 1117 1).
763 1091 809 1117 M.
837 1091 976 1116 CAELlo
1002 1091 1095 1117 ΑΕΒ.
1123 1090 1215 1118 cun.

569 1164 612 1198 In
630 1164 765 1203 Cilicia,
783 1175 891 1198 A.u.c.
909 1167 987 1198 704.

213 1241 415 1280 Sollicitus
450 1242 642 1294 equidem
677 1255 790 1280 eram
825 1242 877 1280 de
910 1243 1033 1281 rebus
1069 1243 1260 1282 urbanis·
1249 1271 1260 1289 ‚
1293 1238 1368 1282 ita

162 1296 441 1335 tumultuosae
481 1299 709 1343 conciones,
747 1299 808 1335 ita
846 1295 1046 1335 molestae
1086 1295 1368 1353 Quinquatrus

163 1349 453 1389 afferebantur
506 1350 613 1389 Nam
642 1353 832 1389 citeriora
860 1351 1042 1389 nondum
1073 1350 1367 1389 audiebamus*
1357 1379 1368 1397 ,

162 1405 236 1443 sed
261 1410 403 1443 tamen
428 1404 529 1443 nihil
553 1419 620 1443 me
646 1408 778 1457 magis
803 1405 1063 1451 sollicitabat,
1086 1417 1211 1457 quam
1238 1407 1282 1443 in
1306 1404 1368 1444 his

161 1459 358 1498 molestiis
394 1473 476 1498 non
511 1473 593 1506 me,
629 1462 662 1498 si
698 1472 804 1511 quae
839 1459 1012 1498 ridenda
1047 1465 1200 1506 essent,
1234 1459 1368 1513 ridere

162 1518 315 1552 tecum.
368 1512 473 1552 Sunt
519 1516 628 1552 enim
673 1513 833 1558 multa3
893 1514 968 1552 sed
1013 1526 1064 1551 ea
1107 1527 1191 1552 non
1236 1513 1368 1565 audeo

162 1569 352 1606 scribere.
407 1568 513 1606 Illud
536 1568 710 1606 moleste
734 1567 835 1613 fero,
859 1567 959 1605 nihil
982 1581 1049 1606 me
1074 1567 1207 1606 adhuc
1230 1567 1291 1606 his
1316 1567 1368 1607 de

213 1652 380 1685 “Which
403 1651 544 1686 Caelius
566 1652 708 1685 wanted
728 1651 785 1686 for
806 1652 867 1685 the
887 1652 987 1685 show
1007 1652 1053 1685 he
1074 1650 1146 1685 had
1167 1654 1206 1686 to
1225 1653 1308 1694 give
1323 1661 1368 1685 as

167 1695 292 1759 aedss‘?
253 1738 366 1772 “The
382 1734 603 1772 shikareesss'
633 1739 708 1781 Tyr
709 1738 783 1772 rell.

215 1785 228 1802 ⁶
254 1783 278 1815 i.
281 1792 322 1821 e.‚
347 1782 407 1815 the
436 1784 594 1825 opening
619 1750 708 1824 day,
735 1782 790 1815 for
818 1782 888 1815 this
916 1781 1055 1815 festival
1081 1781 1134 1823 (in
1163 1781 1303 1815 honour
1328 1764 1371 1815 of

167 1824 222 1867 Cy
223 1825 312 1865 bele,
329 1826 390 1859 the
406 1825 516 1860 Great
535 1826 693 1867 Mother)
710 1825 823 1859 lasted
838 1825 932 1859 from
947 1826 1008 1859 the
1023 1825 1086 1859 4th
1101 1828 1140 1858 to
1154 1825 1215 1859 the
1234 1825 1315 1859 loth
1330 1823 1370 1859 of

168 1869 543 1955 Adriglorresponding
568 1912 723 1955 roughly
747 1915 785 1946 to
810 1923 876 1946 our
903 1911 1029 1945 Easter
1059 1910 1206 1954 holiday
1207 1922 1236 1952 s,
1261 1912 1370 1955 being

169 1955 250 1988 held
272 1956 366 1988 from
386 1956 513 1989 March
538 1955 618 1989 19th
637 1959 676 1989 to
694 1955 794 1989 23rd.
842 1955 919 1988 The
940 1954 1088 1998 holiday
1102 1923 1206 1988 thisy
1194 1966 1280 1998 year
1295 1965 1369 1989 was

169 1999 442 2085 ἓῐὲῗῐίιίξὲοῑέζὲὴε
457 1999 628 2033 seditious
641 2000 814 2041 meetings
831 1998 912 2032 held
929 1998 979 2041 by
991 1966 1125 2033 Curio
1116 2009 1154 2032 in
1169 1966 1230 2032 the
1242 1997 1315 2032 tole
1329 1997 1368 2033 of

175 2099 248 2134 128
