1442 2392
712 137 915 177 CICERO

210 240 341 279 multo
362 246 461 279 ante
481 240 722 280 confirmata
741 255 816 293 per
836 244 1107 293 nosmetipsos
1128 247 1275 289 erantz
1306 242 1417 283 dole*

210 311 404 362 bamque,
428 311 520 363 pilis
547 317 591 350 et
615 312 775 363 gladiis,
800 326 882 350 non
907 312 1096 359 consiliis,
1120 310 1258 366 neque
1282 298 1420 374 adetp-

208 383 401 420 ritatibus
428 386 576 421 nostris
603 383 656 421 de
683 385 770 421 iure
796 383 960 435 publico
987 383 1221 435 disceptari.
1275 382 1421 438 Neque

211 466 288 504 ego
306 467 368 499 ea,
384 466 491 504 quae
506 453 619 491 facta
633 460 743 500 sunt,
758 453 846 493 fore
861 468 955 492 cum
970 454 1173 500 dicebam,
1187 455 1420 494 divinabam

209 523 362 570 futura,
385 524 472 569 sed,
494 524 605 575 quod
627 530 671 562 et
693 525 780 563 fieri
800 538 936 576 posse,
959 530 1003 563 et
1025 527 1244 564 exitiosum
1264 525 1367 573 fore,
1387 529 1421 565 si

210 597 429 640 evenisset,
449 595 654 641 videbam,
672 595 716 634 id
733 609 786 634 ne
805 596 1025 642 accideret,
1043 597 1244 635 timebam
1261 609 1272 643 ;
1304 591 1422 649 prae*-

210 668 353 704 sertim
375 680 482 712 cum,
505 669 538 704 si
561 666 659 704 mihi
682 666 859 704 alterum
882 672 1021 705 utrum
1042 667 1096 706 de
1119 672 1272 706 eventu
1294 652 1421 720 atque

211 739 326 775 exitu
351 750 489 775 rerum
513 737 841 788 promittendum
868 743 993 784 esset,
1018 737 1061 776 id
1084 737 1285 784 futurum,
1311 739 1421 791 quod

212 810 364 853 evenit,
407 807 658 859 exploratius
698 822 862 860 possem
902 811 1160 860 promittere.
1215 803 1273 848 Iis'
1312 812 1420 849 enim

209 879 331 917 rebus
358 880 685 930 praestabamus,
713 892 821 931 quae
848 893 931 918 non
957 879 1164 931 prodeunt
1179 869 1234 921 ‘in
1259 883 1419 928 aciem-3

210 963 286 988 usu
321 955 464 988 autem
498 963 704 988 armorum
739 956 783 988 et
817 950 995 988 militum
1028 951 1174 989 robore
1207 950 1419 992 inferiores

211 1034 386 1059 eramus.
441 1020 523 1059 Sed
541 1026 589 1059 tu
607 1021 722 1059 illum
741 1024 923 1059 animum
941 1035 1049 1060 nunc
1069 1014 1234 1068 adhibe,
1253 1035 1420 1074 quaeso,

171 1096 192 1129 6
210 1105 291 1143 quo
307 1105 373 1130 me
389 1097 479 1130 tum
495 1105 585 1130 esse
600 1098 791 1143 oportere
805 1093 1017 1132 censebas.
1072 1092 1187 1131 Haec
1203 1106 1252 1131 eo
1267 1095 1420 1145 scripsi,

211 1163 322 1214 quod
343 1163 442 1201 mihi
466 1163 727 1215 Philargyrus
749 1169 859 1209 tuus,
882 1166 1019 1201 omnia
1038 1163 1093 1202 de
1114 1169 1159 1202 te
1179 1153 1420 1215 requirenti,

211 1233 444 1272 fidelissimo
464 1237 598 1273 animo
617 1234 682 1286 (ut
699 1234 798 1273 mihi
817 1235 984 1286 quidem
1002 1236 1110 1272 visus
1129 1234 1208 1287 est)
1227 1237 1421 1283 narravit,

210 1310 255 1343 te
270 1305 479 1343 interdum
494 1305 712 1344 sollicitum
727 1305 857 1343 solere
872 1319 961 1344 esse
977 1305 1262 1347 vehementius
1276 1319 1286 1353 ;
1311 1304 1421 1358 quod

211 1375 348 1414 facere
383 1390 464 1414 non
504 1376 645 1422 debes,
686 1389 763 1415 nee
809 1376 1001 1415 dubitare
1042 1379 1141 1427 quin
1176 1381 1250 1415 aut
1285 1377 1421 1429 aliqua

211 1447 421 1498 republica
449 1450 502 1485 sis
531 1447 708 1493 futurus,
738 1449 808 1498 qui
847 1460 937 1486 esse
967 1447 1108 1494 debes,
1138 1452 1211 1485 aut
1243 1448 1420 1499 perdita,

211 1532 292 1556 non
325 1518 534 1556 afflictiore
567 1518 818 1564 condicione,
848 1531 973 1569 quam
1005 1520 1147 1557 ceteri.
1203 1517 1292 1557 Hoc
1324 1531 1420 1559 vero

210 1594 389 1639 tempus,
422 1602 504 1640 quo
538 1591 762 1626 exanimati
796 1602 938 1626 omnes
971 1594 1016 1627 et
1048 1591 1234 1640 suspensi
1265 1602 1420 1636 sumus,

210 1658 286 1697 hoc
308 1659 582 1697 moderatiore
604 1661 740 1697 animo
762 1658 870 1697 ferre
892 1659 1034 1705 debes,
1056 1658 1167 1710 quod
1189 1663 1233 1698 et
1254 1661 1296 1698 in
1318 1660 1419 1699 urbe

211 1742 261 1768 ea
278 1743 336 1776 es,
354 1731 423 1768 ubi
441 1735 540 1768 nata
558 1735 602 1768 et
617 1729 704 1768 alta
721 1735 785 1768 est
800 1732 906 1768 ratio
923 1743 970 1768 ac
988 1730 1216 1768 moderatio
1233 1732 1419 1780 vitae,.et

213 1800 341 1839 habes
365 1800 452 1839 Ser.
482 1800 719 1852 Sulpicium,
744 1814 868 1852 quem
893 1813 1057 1852 semper
1075 1802 1194 1839 unice
1211 1800 1420 1848 dilexisti3

259 1985 275 2001 ⁰
302 1979 360 2023 Of.
392 1980 466 2014 Cic.
507 1980 623 2013 Flacc.
661 1981 705 2013 62
743 1979 764 1993 “
781 1978 1028 2019 Athenienses,
1067 1978 1164 2013 unde
1202 1978 1418 2021 humanius,

215 2023 389 2062 doctrina,
407 2023 532 2066 religio
557 2047 566 2056 .
592 2046 602 2058 .
628 2046 638 2056 .
662 2026 761 2058 ortae
777 2022 986 2066 putantur.”

211 2095 289 2131 432
