1442 2392
660 165 864 205 CICERO

153 272 283 318 firmo,
310 285 377 310 me
403 285 478 323 pro
505 277 580 310 tua
606 270 812 322 dignitate
840 269 965 322 (malo
993 272 1103 308 enim
1130 272 1187 309 sic
1213 269 1363 316 dicere,

152 351 277 390 quam
302 350 376 388 pro
404 336 554 388 salute)
577 338 620 373 in
641 335 717 373 hac
737 337 959 385 provincia,
980 337 1045 373 cui
1066 341 1114 374 tu
1134 334 1363 386 praefuisti,

150 402 334 454 rogando
361 402 655 452 deprecatoris,
679 399 903 438 laborando
930 403 1162 452 propinqui,
1190 402 1364 439 auctori-

152 474 242 507 tate
263 470 345 506 cari
365 467 539 505 hominis
562 466 626 518 (ut
646 465 782 517 spero)
804 465 915 516 apud
935 467 1137 511 civitates,
1157 468 1363 517 gravitate

150 535 409 584 imperatoris
425 537 712 582 suscepturum
727 530 858 568 officia
874 536 1001 582 atque
1016 536 1171 581 partes.
1213 530 1364 570 Omnia

151 599 242 637 volo
271 611 297 636 a
324 610 392 636 me
423 603 467 635 et
495 596 679 648 postules
709 601 754 635 et
782 601 1028 646 exspectes3
1072 598 1233 635 vineam
1260 598 1362 635 meis

151 664 288 702 officiis
332 665 604 714 cogitationes
648 667 756 700 tuas.
810 661 862 709 Q.
907 660 1099 700 Servilius
1141 661 1362 712 perbreves

150 729 250 767 mihi
278 741 302 766 a
329 734 374 766 te
400 728 561 766 litteras
587 726 783 772 reddidit,
812 739 919 778 quae
946 725 1046 764 mihi
1073 731 1217 765 tamen
1243 728 1362 765 nimis

148 794 297 846 longae
314 796 424 832 visae
441 798 538 831 sunt
554 805 566 839 3
595 794 785 830 iniuriam
802 794 913 829 enim
928 790 1028 829 mihi
1045 791 1132 830 fieri
1147 792 1362 846 putabam,

150 873 244 898 cum
282 859 470 910 rogabar.
525 857 687 895 Nollem
725 856 942 895 accidisset
980 862 1160 908 tempus,
1198 859 1242 895 in
1280 851 1362 911 quo

149 927 382 976 perspicere
425 936 580 974 posses,
625 924 771 974 quanti
813 927 873 968 te,
917 924 1063 973 quanti
1106 920 1362 972 Pompeium,

150 1002 275 1041 quem
306 1002 435 1027 unum
467 1001 520 1026 ex
551 987 740 1026 omnibus
771 985 892 1032 facio,
924 992 973 1025 ut
1004 986 1152 1033 debeo,
1183 986 1362 1038 plurimi,

150 1057 295 1107 quanti
317 1054 492 1092 Brutum
510 1052 691 1091 facerem
712 1051 980 1104 (quamquam
1001 1053 1046 1089 in
1064 1051 1362 1091 consuetudine

150 1119 391 1172 quotidiana
451 1120 745 1169 perspexisses,
810 1119 916 1155 sicut
970 1116 1209 1169 perspicies)
1272 1116 1362 1164 sed,

150 1187 344 1237 quoniam
373 1183 535 1229 accidit,
564 1186 597 1221 si
626 1182 726 1234 quid
755 1195 779 1220 a
806 1194 874 1220 me
902 1184 1239 1232 praetermissum
1269 1171 1361 1234 erit,

149 1252 411 1289 commissum
431 1248 588 1287 facinus
611 1253 655 1287 et
676 1247 900 1286 admissum
921 1246 1100 1286 dedecus
1120 1246 1362 1297 confitebor.

150 1315 408 1366 Pomptinus,
442 1316 513 1365 qui
550 1326 574 1351 a
620 1319 664 1351 te
701 1317 904 1351 tractatus
943 1317 1008 1350 est
1047 1314 1280 1363 praestanti
1314 1325 1362 1353 ac

150 1380 346 1432 singulari
383 1379 479 1425 fide,
518 1380 631 1417 cuius
670 1380 733 1416 tui
769 1376 945 1415 benefici
982 1390 1074 1415 sum
1111 1389 1191 1429 ego
1227 1380 1362 1425 testis,

150 1450 339 1498 praestat
375 1445 452 1483 tibi
490 1445 730 1482 memoriam
768 1441 1199 1494 benevolentiamque,
1237 1454 1362 1498 quam

151 1511 308 1556 debet;
349 1512 433 1561 qui,
459 1523 554 1548 cum
579 1509 768 1546 maximis
793 1508 917 1546 rebus
942 1509 1024 1546 suis
1051 1512 1217 1546 coactus
1243 1521 1269 1547 a
1290 1499 1369 1548 'ine'

150 1577 392 1615 invitissimo
433 1574 691 1620 decessisset,
732 1578 889 1619 tamen,
930 1577 980 1611 ut
1019 1572 1122 1611 vidit
1159 1574 1362 1614 interesse

151 1647 239 1688 tua,
276 1640 554 1679 conscendens
590 1641 674 1677 iam
710 1651 873 1684 navem,
910 1637 1076 1689 Epheso
1113 1636 1362 1677 Laodiceam

150 1708 337 1745 revertit.
389 1705 505 1743 Talia
540 1710 584 1743 te
622 1717 716 1742 cum
751 1702 890 1742 studia
925 1702 1088 1753 videam
1124 1701 1362 1742 habiturum

152 1785 242 1811 esse
260 1769 588 1815 innumerabilia,
607 1768 730 1820 plane
750 1768 941 1806 dubitare
961 1780 1044 1805 non
1061 1780 1243 1819 possum,
1262 1769 1363 1820 quin

152 1837 229 1876 tibi
262 1835 490 1887 amplitudo
521 1837 603 1873 ista
635 1833 864 1872 sollicitudo
896 1831 1038 1872 futura
1069 1834 1137 1871 sit.
1189 1831 1233 1871 Si
1265 1845 1362 1872 vero

204 1975 217 1995 ⁶
244 1974 456 2016 Propraetor
471 1974 508 2006 in
560 1971 762 2014 ransalpine
779 1970 874 2004 Gaul
891 1971 928 2003 in
946 1972 988 2003 62
1008 1979 1073 2002 mc.
1088 1982 1098 2008 ς
1129 1969 1175 2003 he
1191 1969 1361 2006 obtained

156 2029 179 2051 a
199 2017 359 2060 triumph
379 2016 435 2050 for
456 2016 511 2049 his
531 2026 671 2049 success
691 2015 834 2057 against
854 2013 915 2047 the
935 2012 1149 2056 Allobroges
1169 2013 1207 2047 in
1227 2015 1268 2047 61
1293 2024 1360 2049 mo.

158 2061 215 2094 He
231 2071 304 2094 was
321 2071 401 2093 now
417 2059 572 2093 Cicero's
587 2059 736 2101 leyatus.

159 2117 237 2152 218
