1442 2392
672 115 876 155 CICERO

166 223 199 260 si
236 220 424 267 volueris,
460 233 579 271 posse
615 220 816 271 intelligo,
853 225 902 258 ut
936 219 1036 258 nihil
1070 222 1126 258 sit
1159 225 1378 271 praeterea

166 302 282 340 nobis
293 302 599 353 requirendum.
654 301 867 339 Habemus
879 300 982 339 haec
993 303 1130 339 omnia
1148 314 1158 340 t
1175 288 1377 347 bonorum

164 383 347 421 studium
375 383 635 421 conciliatum
663 395 716 420 ex
743 383 958 421 tribunatu
984 387 1154 433 propter
1179 387 1377 429 nostram,

164 470 212 503 ut
232 477 351 515 spero
371 470 416 503 te
436 464 683 515 intelligere,
703 477 882 510 causam,
903 463 1014 516 vulgi
1034 477 1082 502 ac
1100 463 1376 503 multitudinis

165 552 335 597 propter
367 546 717 597 magnificentiam
750 559 969 584 munerum
1001 545 1377 598 liberalitatemque

167 634 354 674 naturae,
369 630 596 666 iuventutis
612 633 656 666 et
669 630 943 679 gratiosorum
960 630 1004 666 in
1021 626 1222 681 suffragiis
1239 626 1376 667 studia

166 716 337 761 propter
357 712 483 760 ipsius
506 709 781 748 excellentem
801 712 845 748 in
867 723 916 748 eo
938 722 1092 761 genere
1113 709 1179 748 vel
1199 712 1376 762 gratiam

165 791 231 830 vel
265 791 537 843 diligentiam,
572 797 756 830 nostram
790 790 1140 843 suffragationem,
1174 794 1207 830 si
1242 794 1376 835 minus

165 878 398 923 potentem,
419 878 465 910 at
484 873 703 923 probatam
723 877 867 911 tamen
888 878 933 911 et
951 875 1104 911 iustam
1125 878 1170 911 et
1191 872 1377 911 debitam

167 960 212 992 et
238 960 460 1005 propterea
487 953 661 993 fortasse
690 956 817 992 etiam
843 957 1081 1006 gratiosam.
1135 953 1232 993 Dux
1260 943 1376 993 nobis

166 1042 211 1075 et
241 1042 384 1074 auctor
413 1050 516 1087 opus
548 1041 614 1075 est
643 1041 688 1075 et
719 1048 861 1074 eorum
890 1042 1122 1083 ventorum,
1153 1049 1254 1088 quos
1285 1049 1377 1093 pro-

164 1121 295 1169 posui,
321 1117 556 1157 moderator
581 1117 749 1170 quidam
775 1123 820 1157 et
844 1120 961 1170 quasi
985 1118 1267 1170 gubernator:
1305 1119 1376 1172 qui

166 1202 199 1238 si
233 1212 286 1238 ex
319 1201 507 1238 omnibus
541 1213 646 1238 unus
680 1199 886 1251 optandus
920 1206 1045 1247 esset,
1077 1213 1203 1252 quem
1235 1204 1375 1238 tecum

167 1280 352 1320 conferre
389 1295 615 1333 possemus,
651 1295 734 1320 non
770 1281 1029 1320 haberemus.
1082 1281 1375 1330 Quamobrem,

166 1365 200 1401 si
222 1376 290 1401 me
313 1376 553 1410 memorem,
576 1365 609 1401 si
631 1369 812 1415 gratum,
835 1366 868 1402 si
890 1364 1044 1402 bonum
1067 1366 1212 1410 virum,
1234 1363 1301 1402 vel
1323 1375 1375 1402 ex

168 1443 244 1483 hoc
266 1447 368 1496 ipso,
391 1445 501 1497 quod
523 1451 610 1483 tam
632 1444 902 1484 vehementer
923 1445 975 1484 de
1001 1445 1157 1484 Milone
1178 1445 1376 1492 laborem,

169 1530 404 1565 existimare
428 1533 547 1578 potes
564 1539 575 1573 ;
612 1529 646 1565 si
668 1527 839 1578 dignum
862 1527 1041 1578 denique
1063 1530 1145 1566 tuis
1167 1526 1375 1566 beneficiis

167 1608 349 1647 iudicas:
398 1608 475 1647 hoc
510 1622 535 1647 a
568 1614 613 1647 te
647 1614 761 1660 peto,
796 1614 844 1647 ut
877 1609 1094 1647 subvenias
1128 1608 1222 1647 huic
1255 1621 1375 1647 meae

168 1689 444 1736 sollicitudini,
461 1696 504 1728 et
520 1690 613 1728 huic
627 1703 747 1728 meae
762 1690 888 1736 laudi,
903 1690 966 1728 vel
984 1690 999 1742 (
1014 1696 1062 1729 ut
1077 1693 1210 1729 verius
1225 1689 1374 1741 dicam)

169 1784 296 1822 prope
317 1771 439 1810 saluti
459 1778 578 1810 tuum
598 1772 780 1810 studium
801 1772 925 1810 dices.
979 1771 1045 1810 De
1064 1773 1153 1823 ipso
1172 1771 1220 1810 T.
1239 1771 1376 1810 Annio

165 1857 330 1890 tantum
364 1853 440 1891 tibi
471 1853 676 1903 polliceor,
707 1859 752 1891 te
784 1856 946 1891 maioris
978 1855 1116 1899 animi,
1147 1855 1375 1904 gravitatis,

220 1982 235 1997 ‘²
259 1978 414 2021 Though
438 1979 528 2012 Milo
549 1989 621 2012 was
642 1979 702 2012 the
722 1989 786 2012 son
808 1978 848 2011 of
865 1978 905 2012 C.
929 1979 1061 2021 Papius
1082 1978 1217 2018 Celsus,
1237 1979 1282 2013 he
1301 1977 1374 2012 had

172 2021 261 2055 been
279 2022 436 2065 adopted
453 2022 501 2066 by
519 2022 574 2056 his
591 2022 760 2056 mother's
776 2022 905 2061 father,
922 2022 963 2055 T.
980 2023 1134 2056 Annius.

177 2079 251 2112 108
