1442 2392
652 117 855 156 CICERO

151 221 247 260 belli
269 221 394 261 civilis
421 223 594 260 invitum
621 224 841 272 suscipere,
860 214 1047 260 extrema
1072 220 1250 260 libenter
1273 233 1354 260 non

103 303 125 336 3
151 301 357 350 persequi.
410 297 491 346 Qui
514 311 595 336 non
617 297 727 336 idem
757 297 981 344 consilium,
1003 297 1114 348 quod
1142 302 1204 344 tu,
1225 285 1355 336 secuti

151 380 262 420 sunt,
287 387 357 412 eos
381 374 500 412 video
523 376 566 411 in
590 373 671 411 duo
694 386 849 424 genera
873 386 962 411 esse
986 373 1216 412 distractos.
1267 373 1356 412 Aut

153 453 262 488 enim
275 462 472 488 renovare
485 449 638 487 bellum
652 451 788 487 conati
801 454 911 494 sunt,
925 448 1048 500 hique
1062 462 1106 487 se
1119 451 1162 487 in
1175 447 1356 488 Africam

152 526 429 571 contulerunt,
463 531 550 571 aut,
583 524 930 576 quemadmodum
968 538 1055 571 nos,
1087 527 1231 565 victori
1265 537 1355 566 sese

155 601 431 639 crediderunt.
486 600 673 638 Medium
688 600 894 651 quoddam
908 606 1026 638 tuum
1040 600 1250 639 consilium
1262 599 1356 646 fuit,

154 680 223 728 qui
236 677 311 715 hoe
323 676 495 715 fortasse
509 676 669 714 humilis
683 679 806 714 animi
818 676 1002 722 duceres,
1013 676 1114 714 illud
1123 678 1356 728 pertinacis.

157 754 320 799 Fateor,
348 766 373 790 a
397 753 618 804 plerisque,
643 752 708 790 vel
734 752 866 790 dicam
893 753 945 790 ab
970 753 1172 798 omnibus,
1195 755 1357 803 sapiens

154 835 273 868 tuum
293 829 517 874 consilium,
536 842 560 866 a
577 828 716 866 multis
735 831 861 866 etiam
879 831 1018 879 magni
1036 842 1083 866 ac
1100 827 1215 867 fortis
1233 830 1356 866 animi

154 905 395 944 iudicatum.
448 903 529 942 Sed
561 903 690 942 habet
719 907 800 943 ista
830 907 950 951 ratio,
982 909 1030 943 ut
1061 903 1161 942 mihi
1191 904 1357 956 quidem

156 982 331 1027 videtur,
352 980 572 1032 quemdam
591 981 773 1026 modum,
791 983 1034 1030 praesertim
1053 993 1146 1020 cum
1164 981 1240 1019 tibi
1259 979 1359 1019 nihil

157 1057 300 1095 deesse
331 1057 504 1095 arbitrer
531 1056 585 1095 ad
612 1062 705 1095 tuas
733 1055 918 1096 fortunas
947 1069 1088 1095 omnes
1115 1056 1359 1096 obtinendas

156 1139 322 1185 praeter
348 1133 619 1171 voluntatem.
671 1131 736 1170 Sic
764 1135 872 1170 enim
899 1132 1098 1178 intellexi,
1124 1132 1225 1170 nihil
1250 1132 1360 1172 aliud

157 1222 262 1255 esse,
285 1209 395 1260 quod
417 1209 717 1247 dubitationem
741 1207 905 1246 afferret
927 1211 979 1254 ei,
1001 1221 1128 1259 penes
1151 1221 1273 1260 quem
1295 1214 1360 1249 est

156 1290 356 1336 potestas,
379 1287 454 1322 nisi
476 1284 587 1335 quod
607 1289 832 1330 vereretur,
854 1297 906 1322 ne
928 1289 975 1322 tu
995 1283 1097 1322 illud
1116 1284 1360 1324 beneficium

158 1364 322 1399 omnino
354 1374 436 1398 non
466 1365 648 1410 putares.
702 1359 768 1397 De
799 1373 880 1411 quo
912 1360 1012 1411 quid
1040 1363 1231 1407 sentiam,
1261 1360 1361 1399 nihil

158 1440 311 1475 attinet
356 1436 506 1482 dicere,
539 1450 631 1474 cum
678 1441 890 1486 appareat,
922 1438 1010 1487 ipse
1048 1435 1148 1487 quid
1179 1434 1359 1476 fecerim.

109 1519 130 1550 4
157 1512 239 1551 Sed
258 1514 425 1551 tametsi
443 1515 525 1549 iam
543 1513 603 1550 ita
622 1514 915 1557 constituisses,
932 1517 980 1549 ut
999 1511 1142 1550 abesse
1158 1517 1360 1563 perpetuo

157 1587 314 1634 malles,
353 1601 477 1639 quam
519 1600 583 1633 ea,
618 1599 725 1638 quae
764 1586 906 1632 nolles,
948 1587 1101 1632 videre,
1136 1593 1278 1625 tamen
1317 1586 1360 1626 id

157 1667 338 1715 cogitare
368 1663 555 1708 deberes,
584 1663 830 1713 ubicumque
861 1675 984 1708 esses,
1013 1667 1057 1700 te
1086 1660 1173 1700 fore
1202 1665 1245 1700 in
1273 1665 1359 1703 eius

156 1742 296 1790 ipsius,
323 1751 447 1790 quem
474 1737 653 1789 fugeres,
677 1743 901 1788 potestate.
954 1736 1035 1785 Qui
1062 1739 1095 1775 si
1123 1736 1242 1776 facile
1269 1750 1360 1788 pas-

157 1828 273 1853 surus
290 1820 399 1853 esset
414 1819 472 1859 te,
487 1818 698 1851 carentem
712 1815 846 1863 patria
863 1819 906 1851 et
921 1812 1093 1851 fortunis
1108 1815 1204 1860 tuis,
1219 1815 1360 1864 quiete

158 1896 203 1928 et
247 1889 375 1928 libere
423 1892 572 1934 vivere,
616 1888 879 1939 cogitandum
926 1888 1002 1926 tibi
1049 1894 1190 1927 tamen
1236 1894 1359 1935 esset,

158 1963 368 2003 Romaene
405 1970 450 2003 et
491 1963 601 2002 domi
632 1969 744 2010 tuae,
774 1963 1015 2002 cuicuimodi
1057 1975 1122 2002 res
1153 1969 1277 2010 esset,
1307 1974 1360 2002 an

166 2064 246 2098 284
