1442 2392
675 145 877 185 CICERO

170 250 343 289 absum:
390 250 511 288 audio
543 263 648 289 sero.
714 250 797 288 Sed
828 251 904 288 tibi
937 255 982 289 et
1012 249 1224 302 gratulor,
1239 255 1380 297 emunt

169 329 446 377 sempiternae
478 326 590 365 laudi
624 327 700 365 tibi
733 329 787 364 sit
818 329 898 365 iste
931 327 1180 374 tribunatus,
1212 331 1379 385 exopto,

170 408 298 454 teque
325 402 478 449 hortor,
505 408 554 442 ut
580 405 717 441 omnia
742 403 948 454 gubernes
976 409 1021 442 et
1046 403 1260 443 moderere
1285 415 1380 454 pru-

170 479 313 517 dentia
339 485 425 526 tua,
451 493 504 517 ne
530 485 574 518 te
602 479 793 518 auferant
819 479 989 518 aliorum
1014 479 1194 519 consilia.
1247 472 1380 532 Nem'o

171 561 249 602 est,
272 559 342 607 qui
365 556 440 594 tibi
463 558 689 606 sapientius
712 556 886 594 suadere
907 558 1038 607 possit
1058 562 1103 595 te
1124 558 1214 607 ipso
1232 568 1243 602 3
1263 540 1380 597 nurn'-

172 645 296 683 quam
317 632 472 678 labere,
494 635 527 670 si
550 638 594 670 te
617 632 773 670 audies.
828 632 920 670 Non
942 633 1073 670 scribo
1095 632 1172 671 hoc
1193 638 1380 690 temere3

172 711 237 746 cui
268 709 456 754 scribam,
488 708 635 755 video3
682 711 775 747 novi
813 711 1009 754 animum,
1045 711 1139 747 novi
1170 707 1381 768 consilium

172 790 319 830 tuum3
361 798 443 823 non
470 798 627 831 vereor,
654 797 707 823 ne
735 784 835 836 quid
861 784 1020 831 timide,
1047 798 1100 823 ne
1128 784 1228 837 quid
1253 770 1381 824 stulte

173 859 311 907 facias,
338 863 371 899 si
397 873 447 899 ea
473 859 686 907 defendes,
713 874 820 913 quae
845 863 933 912 ipse
958 866 1073 901 recta
1099 842 1189 900 esse
1214 848 1382 923 senties.

173 937 295 985 Quod
327 939 370 975 in
402 937 445 975 id
477 937 727 988 reipublicae
760 943 925 988 tempus
958 951 1041 976 non
1072 937 1276 983 incideris,
1307 925 1382 986 sed

174 1016 333 1052 veneris
362 1013 527 1065 (iudicio
560 1016 671 1052 enim
703 1019 791 1060 tuo,
818 1027 902 1052 non
933 1024 1034 1052 casuv
1062 1016 1106 1052 in
1137 1016 1271 1065 ipsum
1303 1013 1383 1053 dis-

173 1092 327 1128 crimen
350 1103 487 1128 rerum
510 1089 719 1128 contulisti
742 1090 999 1128 tribunatum
1023 1089 1174 1142 tuum),
1197 1089 1383 1142 profecto

174 1166 311 1212 vides3
340 1172 497 1218 quanta
516 1169 574 1204 vis
593 1169 637 1204 in
658 1166 868 1217 republica
886 1171 1121 1217 temporum
1139 1169 1207 1213 sit,
1226 1171 1382 1219 'quanta

173 1245 348 1282 varietas
371 1256 522 1289 rerum,
546 1256 670 1294 quam
692 1245 839 1281 incerti
862 1245 1012 1289 exitus,
1035 1245 1160 1296 quam
1182 1240 1381 1303 flexibiles

171 1319 381 1358 hominum
405 1319 652 1365 voluntates,
672 1319 771 1371 quid
792 1319 1044 1366 insidiarum,
1067 1319 1167 1371 quid
1188 1308 1380 1363 vanitatis

171 1399 213 1434 in
242 1399 340 1442 vita,
369 1409 451 1434 non
480 1396 639 1442 dubito,
669 1399 768 1447 quin
797 1399 967 1447 cogites.
1021 1395 1117 1443 Sed,
1146 1397 1294 1436 amabo
1321 1400 1380 1444 fe,

170 1486 268 1511 cura
290 1479 334 1511 et
356 1475 493 1524 cogita
515 1472 615 1510 nihil
637 1475 744 1518 novi,
767 1472 841 1510 sed
862 1472 962 1511 illud
983 1472 1109 1520 idem,
1131 1473 1243 1525 quod
1263 1475 1380 1522 initio

170 1552 323 1600 scripsi,
358 1555 496 1587 tecum
530 1549 713 1600 loquere,
746 1554 791 1588 te
823 1549 972 1587 adhibe
1003 1552 1046 1587 in
1079 1549 1305 1597 consilium,
1333 1555 1379 1589 te

170 1626 278 1672 audi,
311 1626 387 1664 tibi
424 1626 695 1676 obtempera3
733 1625 853 1664 alteri
890 1628 960 1677 qui
991 1625 1137 1665 melius
1169 1626 1379 1665 consilium

170 1703 268 1740 dare
291 1705 434 1753 possit,
457 1715 582 1754 quam
605 1708 666 1748 tu,
690 1715 772 1740 non
794 1701 913 1741 facile
936 1705 1108 1741 inveniri
1129 1708 1283 1754 potest,
1302 1703 1378 1742 tibi

171 1792 265 1817 vero
288 1781 365 1830 ipsi
388 1785 500 1817 certe
524 1792 646 1817 nemo
669 1778 814 1817 melius
838 1778 967 1817 dabit.
1022 1778 1076 1816 Di
1098 1778 1377 1818 immortales!

169 1869 241 1894 cur
269 1869 347 1907 ego
375 1869 458 1893 non
487 1855 645 1902 adsum,
673 1855 739 1893 vel
766 1861 975 1906 spectator
1001 1855 1170 1893 laudum
1198 1861 1376 1903 tuarum,

169 1932 234 1970 vel
263 1935 483 1983 particeps,
513 1931 579 1970 vel
608 1934 752 1978 socius,
783 1931 848 1970 vel
877 1934 1064 1970 minister
1091 1932 1375 1971 consiliorum!

168 2011 336 2046 tametsi
364 2007 440 2047 hoc
467 2010 635 2047 minime
663 2008 739 2048 tibi
766 2007 900 2055 deest,
927 2007 1001 2047 sed
1028 2013 1171 2047 tamen
1195 2008 1375 2062 efficeret

180 2103 254 2137 112
