1442 2392
690 155 894 196 CICERO

186 266 328 299 autem
342 261 489 312 quibus
503 260 726 299 mendaciis
742 260 927 299 homines
940 260 1132 300 levissimi
1146 259 1393 300 oneraruntl

186 349 268 374 non
285 336 408 375 modo
426 336 608 375 sublatos
627 343 830 388 sumptus,
848 337 922 375 sed
940 339 1067 375 etiam
1086 350 1110 375 a
1126 338 1396 388 procuratori*

185 413 261 451 bus
298 426 453 459 eorum,
491 415 561 464 qui
596 416 679 451 iam
715 412 890 464 profecti
927 418 1080 460 essent,
1115 416 1316 464 repetitos
1351 417 1396 454 et

186 488 359 535 ablatos,
388 502 564 540 eamque
603 503 768 528 causam
796 489 935 528 multis
961 491 1127 528 omnino
1152 502 1235 528 non
1271 488 1396 539 eundi

186 564 325 604 fuisse.
379 565 585 613 Quererer
610 571 749 604 tecum
773 571 900 617 atque
925 565 1245 617 expostularem,
1268 567 1396 618 ni,ut

185 655 308 692 supra
345 644 500 692 scripsi,
537 655 714 693 purgare
752 655 819 680 me
856 642 934 680 tibi
970 641 1047 680 hoc
1083 647 1157 681 tuo
1193 647 1395 693 tempore,

185 731 310 769 quam
354 731 545 757 accusare
589 724 633 757 te
678 718 857 764 mallem,
901 717 1026 770 idque
1070 724 1262 770 putarem
1304 730 1395 757 esse

184 797 350 833 rectius.
405 794 554 846 Itaque
576 794 676 832 nihil
697 795 750 833 de
771 801 830 841 te,
852 794 963 846 quod
984 794 1218 841 credideris,
1239 794 1293 834 de
1312 806 1395 842 me,

185 871 453 922 quamobrem
494 884 576 908 non
618 870 808 909 debueris
851 870 1033 917 credere,
1074 883 1206 922 pauca
1247 863 1394 910 dicam.

186 945 291 984 Nam
311 949 344 985 si
363 960 430 985 me
450 949 580 985 virum
600 947 768 992 bonum,
788 949 821 985 si
841 947 1011 998 dignum
1029 949 1078 986 iis
1097 947 1243 987 studiis
1262 960 1395 1000 caque

185 1023 385 1069 doctrina,
422 1026 487 1062 cui
524 1036 591 1061 me
628 1037 653 1062 a
688 1026 867 1074 pueritia
904 1023 1014 1069 dedi,
1050 1026 1084 1062 si
1120 1026 1220 1063 satis
1255 1026 1394 1081 magni

186 1101 325 1145 animi,
361 1113 443 1137 non
479 1102 635 1137 minimi
672 1099 811 1138 consili
846 1102 890 1137 in
924 1101 1113 1138 maximis
1148 1099 1270 1139 rebus
1304 1112 1396 1152 per-

185 1179 372 1224 spectum
402 1173 544 1219 habes,
569 1173 668 1211 nihil
696 1176 738 1211 in
767 1186 848 1220 me,
873 1187 955 1212 non
981 1174 1105 1213 modo
1132 1173 1395 1225 perfidiosum

186 1254 231 1287 et
259 1249 497 1287 insidiosum
529 1254 573 1287 et
603 1248 728 1287 fallax
759 1251 801 1286 in
832 1251 1025 1295 amicitia,
1055 1249 1130 1288 sed
1159 1261 1212 1288 ne
1242 1249 1395 1288 humile

186 1325 354 1377 quidem
385 1331 458 1364 aut
489 1327 671 1363 ieiunum
703 1325 830 1364 debes
863 1339 1099 1377 agnoscere.
1152 1325 1223 1364 Sin
1254 1331 1395 1367 autem

186 1414 253 1439 me
292 1407 476 1440 astutum
515 1407 559 1440 et
597 1401 803 1440 occultum
840 1404 954 1440 iuvat
985 1401 1156 1453 fingere,
1187 1402 1288 1454 quid
1316 1407 1396 1448 est,

186 1477 296 1529 quod
313 1480 447 1516 minus
463 1477 611 1516 cadere
628 1480 671 1515 in
688 1478 887 1516 eiusmodi
905 1483 1095 1516 naturam
1111 1480 1254 1529 possit,
1271 1486 1394 1530 quam

186 1560 260 1592 aut
296 1553 570 1592 florentissimi
603 1553 777 1592 hominis
810 1556 1018 1604 aspernari
1050 1553 1395 1600 benevolentiam,

187 1636 260 1668 aut
300 1632 386 1668 eius
427 1632 776 1668 existimationem
815 1643 1055 1681 oppugnare
1094 1632 1137 1668 in
1175 1632 1396 1681 provincia,

186 1708 299 1744 cuius
316 1705 482 1744 laudem
501 1705 611 1743 domi
630 1704 864 1744 defenderis
881 1706 897 1744 ?
931 1711 1005 1745 aut
1022 1707 1066 1744 in
1083 1718 1134 1745 ea
1150 1719 1195 1746 re
1214 1708 1395 1745 animum

187 1782 406 1820 ostendere
445 1784 669 1827 inimicum,
708 1785 750 1819 in
789 1795 872 1833 qua
909 1781 1009 1820 nihil
1047 1782 1189 1821 obsis?
1242 1787 1316 1821 aut
1351 1781 1395 1821 id

189 1858 340 1910 eligere
354 1858 406 1896 ad
417 1858 646 1909 perfidiam,
660 1858 770 1909 quod
786 1858 839 1896 ad
853 1858 1115 1896 indicandum
1128 1858 1267 1897 odium
1279 1871 1396 1910 aper-

186 1937 388 1972 tissimum
416 1937 483 1980 sit,
503 1934 555 1972 ad
581 1934 809 1972 nocendum
833 1934 1116 1973 levissimum?
1169 1934 1280 1982 Quid
1304 1940 1395 1974 erat

185 2016 340 2056 autem,
369 2024 440 2048 cur
468 2023 546 2061 ego
573 2012 616 2048 in
644 2015 687 2049 te
716 2015 804 2048 tam
831 2009 1098 2062 implacabilis
1126 2023 1274 2057 essem,
1301 2023 1394 2050 cum

192 2113 270 2147 224
