1442 2392
678 135 882 175 CICERO

176 250 228 276 ex
248 238 489 289 parentibus
510 240 658 277 nostris
675 251 686 285 ;
723 239 834 290 quod
853 238 1089 278 faciendum
1108 242 1156 279 iis
1178 242 1382 287 existimo,

177 319 247 368 qui
273 322 490 368 paternam
516 320 739 356 amicitiam
765 318 884 357 nullis
911 321 988 370 ipsi
1014 318 1151 358 officiis
1176 316 1382 373 prosecuti

176 402 286 434 sunt.
341 396 490 447 Itaque
505 402 724 435 contentus
741 410 810 436 ero
826 403 966 436 nostra
980 400 1161 450 ipsorum
1174 401 1356 441 amicitia
1371 412 1383 446 ς

177 478 290 513 cuius
310 475 458 513 fiducia
476 481 576 526 peto
595 489 621 514 a
639 481 699 522 te,
717 482 766 514 ut
786 477 1002 515 absentem
1020 490 1103 524 me,
1123 463 1383 530 quibuscum*

177 567 258 605 que
282 556 325 592 in
348 555 471 592 rebus
496 568 598 606 opus
621 553 762 602 fuerit,
787 561 946 602 tueare,
971 559 1004 594 si
1028 557 1185 595 nullum
1209 558 1383 599 officium

176 638 296 672 tuum
314 633 425 685 apud
442 647 509 671 me
528 636 880 673 intermoriturum
899 638 1122 676 existimas.
1176 636 1292 677 Vale.

721 791 842 830 XVII

550 916 693 943 CICERO
722 917 944 943 BITHYNICO
971 917 1002 944 S·

551 1005 706 1040 Puteolis
723 1006 779 1049 (Ρ),
796 1018 904 1040 Α.υ.ο.
923 1009 1001 1040 710.

137 1104 157 1138 1
228 1099 332 1138 Cum
354 1106 585 1138 ceterarum
605 1113 742 1138 rerum
765 1113 887 1138 causa
909 1103 1027 1152 cupio
1051 1114 1141 1140 esse
1163 1101 1382 1154 aliquando

174 1179 469 1229 rempublicam
505 1181 787 1225 constitutam,
823 1184 914 1217 tum
948 1180 1071 1218 velim
1106 1180 1206 1220 mihi
1240 1182 1382 1239 credas

175 1258 385 1303 accedere,
412 1258 455 1296 id
483 1260 609 1296 etiam
636 1271 717 1309 quo
744 1260 875 1310 magis
903 1264 1112 1310 expetam,
1138 1263 1382 1311 promissum

175 1342 308 1382 tuum,
324 1350 404 1388 quo
419 1339 462 1374 in
475 1337 623 1375 litteris
639 1340 780 1376 uteris.
834 1337 981 1376 Scribis
998 1340 1120 1384 enim,
1135 1341 1169 1377 si
1182 1341 1242 1378 ita
1256 1342 1324 1386 sit,
1337 1345 1382 1380 te

135 1422 156 1454 2
174 1429 337 1454 mecum
354 1428 444 1454 esse
459 1418 675 1455 victurum.
731 1416 974 1455 Gratissima
989 1417 1088 1455 mihi
1104 1423 1179 1456 tua
1193 1418 1382 1458 voluntas

176 1501 254 1541 est,
273 1494 456 1546 facisque
477 1495 577 1533 nihil
598 1495 776 1533 alienum
797 1496 1100 1535 necessitudine
1120 1502 1261 1536 nostra
1280 1498 1382 1538 iudi-

174 1576 328 1625 ciisque
341 1577 469 1625 patris
483 1576 546 1612 tui
559 1574 612 1613 de
625 1587 707 1620 me,
721 1577 869 1612 summi
882 1577 969 1614 viri.
1023 1575 1130 1614 Nam
1144 1578 1200 1615 sic
1213 1575 1383 1625 habeto,

174 1653 466 1692 beneficiorum
482 1654 767 1705 magnitudine
787 1667 869 1699 eos,
887 1657 957 1705 qui
974 1655 1228 1706 temporibus
1245 1656 1381 1696 value-

173 1738 271 1771 runt
294 1738 368 1770 aut
386 1732 539 1779 valent,
559 1735 856 1771 coniunctiores
880 1739 1019 1771 tecum
1043 1747 1133 1772 esse
1152 1747 1277 1785 quam
1299 1749 1381 1784 me,

173 1811 476 1850 necessitudine
493 1814 714 1850 neminem.
769 1812 1047 1859 Quamobrem
1064 1818 1183 1864 grata
1199 1813 1298 1852 mihi
1316 1820 1381 1854 est

175 1896 219 1929 et
243 1893 439 1928 memoria
463 1896 537 1928 tua
561 1897 726 1929 nostrae
751 1893 1045 1929 coniunctionis
1071 1896 1116 1931 et
1140 1894 1226 1930 eius
1253 1896 1377 1933 etiam

171 1969 387 2021 augendae
406 1969 607 2009 voluntas.

175 2085 254 2120 502
