1442 2392
660 149 864 190 CICERO
932 188 935 190 ,

158 255 278 294 scribi
305 267 382 293 nec
410 254 626 293 scribenda
652 261 763 294 sunt.
829 255 1010 294 Tantum
1038 255 1207 299 habeto,
1234 256 1364 294 civem

158 321 372 370 egregium
401 330 490 356 esse
521 317 777 369 Pompeium,
806 324 851 357 et
880 318 933 356 ad
961 321 1112 365 omnia,
1140 330 1247 370 quae
1272 331 1366 369 pro-

158 381 336 419 videnda
373 386 470 419 sunt
506 383 550 419 in
587 381 811 432 republica,
853 387 898 420 et
939 384 1075 420 animo
1118 386 1164 420 et
1200 380 1366 420 consilio

155 449 362 495 paratum.

300 529 421 571 Quare
437 529 485 564 da
501 533 536 564 te
552 530 690 564 homini
704 543 714 569 ς
744 530 1011 573 complectetur,
1028 531 1118 565 mihi
1132 530 1248 566 crede.

159 608 266 646 Nam
296 608 422 647 iidem
444 608 500 646 illi
532 614 576 647 et
606 609 703 647 boni
734 613 778 647 et
807 608 905 647 mali
935 611 1042 648 cives
1073 609 1269 661 videntum
1297 611 1367 662 qui

111 677 131 710 3
158 672 275 710 nobis
300 671 428 710 videri
453 671 601 710 solent.
654 671 744 723 Ego
770 685 861 710 cum
888 671 1065 710 Athenis
1089 672 1236 711 decem
1258 675 1367 724 ipsos

158 734 246 772 dies
292 733 476 779 fuissem,
522 733 783 785 multumque
830 735 993 772 mecum
1040 733 1182 773 Gallus
1228 732 1371 773 noster:

159 797 366 842 Caninius,
390 796 678 848 proficiscebar
701 796 798 835 inde
825 797 956 848 pridie
984 797 1122 836 Nonas
1150 797 1367 846 Quintiles,

158 873 252 898 eum
284 858 361 898 hoc
394 859 447 897 ad
480 865 524 897 te
555 849 789 898 litterarum
822 859 932 898 dedi.
985 860 1077 898 Tibi
1110 873 1204 898 cum
1231 858 1368 898 omnia

157 935 253 961 mea
277 921 680 961 commendatissima
706 935 795 961 esse
822 925 955 973 cupio,
982 928 1072 961 tum
1099 922 1199 961 nihil
1223 920 1378 977 magis,

159 998 284 1037 quam
315 998 368 1023 ne
400 990 565 1035 tempus
597 985 713 1023 nobis
744 987 976 1036 provinciae
1007 991 1266 1038 prorogetur.
1318 985 1375 1039 In·

160 1061 209 1087 eo
241 1047 341 1086 mihi
372 1053 470 1086 sunt
502 1050 652 1086 omnia.
707 1047 828 1096 Quod
861 1048 1040 1100 quando,
1073 1054 1118 1087 et
1148 1048 1369 1100 quomodo,

159 1116 206 1150 et
222 1123 297 1162 per
317 1124 418 1162 quos
438 1110 647 1162 agendum
666 1113 733 1157 sit,
753 1116 801 1150 tu
820 1113 977 1162 optime
997 1113 1237 1150 constitues.

734 1252 795 1291 IX

283 1361 330 1388 Μ.
356 1361 395 1388 Τ.
423 1362 458 1388 C.
486 1361 518 1388 S.
547 1361 587 1387 D.
616 1361 754 1387 CAELIO
782 1362 889 1388 RUFO
916 1362 1009 1388 AED.
1037 1362 1130 1389 CUR.
1158 1362 1245 1390 DES.

441 1444 483 1477 In
500 1445 630 1478 vicinia
646 1444 767 1484 Tauri,
785 1455 893 1478 A.U.c.
911 1447 989 1478 703.

212 1531 394 1570 Primum
427 1531 517 1577 tibi,
551 1536 599 1569 ut
632 1530 780 1577 debeo,
812 1530 997 1583 gratulor
1028 1531 1243 1584 laetorque
1275 1546 1374 1583 cum*

159 1596 382 1646 praesenti,
410 1599 501 1632 tum
529 1595 656 1631 etiam
684 1599 850 1644 sperata
878 1599 952 1632 tua
979 1593 1199 1645 dignitate,
1226 1598 1369 1642 serius,

159 1670 242 1695 non
256 1656 523 1708 neglegentia
536 1669 644 1702 mea,
660 1656 734 1694 sed
747 1658 1006 1707 ignoratione
1020 1670 1158 1695 rerum
1172 1648 1373 1697 omnium-,3

161 1718 210 1757 In
228 1719 289 1757 his
309 1721 418 1756 enim
436 1732 525 1756 sum
544 1718 656 1764 locis,
674 1731 756 1770 quo
775 1724 819 1757 et
836 1724 1006 1770 propter
1022 1718 1371 1771 longinquitatem

160 1787 205 1820 et
231 1786 401 1832 propter
427 1779 641 1819 latrocinia
667 1780 899 1819 tardissime
927 1783 1065 1819 omnia
1090 1781 1368 1833 perferuntin.

209 1909 394 1952 “Taking
420 1909 491 1942 this
518 1920 559 1942 as
586 1920 609 1942 a
637 1911 836 1952 quotation,
865 1908 938 1942 and
967 1910 994 1943 it
1021 1909 1156 1943 sounds
1185 1909 1258 1944 like
1285 1921 1366 1945 one.

164 1953 362 1987 Otherwise
388 1951 569 1996 simply“
585 1956 651 1995 put
679 1952 839 1995 yoursels
863 1954 899 1985 in
928 1953 982 1986 his
1009 1952 1150 1991 hands·
1191 1952 1278 1987 take
1305 1965 1366 1998 my

163 1996 328 2074 *³⁹⁰1dessss
335 1998 366 2073 iit
368 1996 692 2074 ,ahe4v221111dg21elyou
702 2007 725 2029 a
736 1996 861 2039 hearty
873 1996 1078 2030 welcomess'

178 2095 253 2132 118
