1442 2392
692 141 896 181 CICERO

192 250 440 298 optimorum
459 246 716 285 consiliorum
735 248 991 284 conscientia
1004 251 1238 285 sustentare
1254 248 1400 298 possit,

194 314 386 351 miserum
402 325 491 351 esse
506 310 623 350 nefas
638 314 692 350 sit
707 311 857 350 dicere.
911 310 998 349 Nec
1014 313 1124 349 enim
1137 323 1211 350 nos
1226 309 1400 363 arbitror

193 380 386 416 victoriae
409 379 602 429 praemiis
626 376 771 415 ductos
794 378 972 428 patriam
996 375 1092 414 olim
1116 381 1161 415 et
1182 376 1332 416 liberos
1356 382 1402 417 et

192 442 378 482 fortunas
417 442 629 494 reliquisse
647 454 658 488 ;
712 441 786 480 sed
825 441 1033 493 quoddam
1071 442 1188 481 nobis
1225 442 1401 487 officium

192 511 346 546 iustum
375 513 419 546 et
445 510 560 559 pium
588 513 632 545 et
660 507 849 546 debitum
875 506 1124 558 reipublicae
1151 513 1400 560 nostraeque

192 574 386 625 dignitati
407 573 647 611 videbamur
667 575 783 624 sequi
801 585 812 618 3
848 585 938 618 nec,
959 586 1053 611 eum
1072 572 1115 611 id
1133 571 1400 626 faciebamus,

192 644 280 677 tam
293 652 454 677 eramus
466 643 669 683 amentes,
681 643 729 676 ut
742 637 956 688 explorata
967 637 1083 676 nobis
1097 643 1207 676 esset
1217 627 1400 693 victoria.

151 710 172 742 4
191 704 329 752 Quare
365 706 398 742 si
432 703 476 742 id
511 700 664 749 evenit,
700 703 811 755 quod
845 702 1171 754 ingredientibus
1206 691 1323 743 nobis
1357 699 1401 751 in

191 783 356 807 causam
393 771 648 819 propositum
685 767 766 806 fuit
790 767 976 806 accidere
1009 781 1143 819 posse,
1168 782 1252 807 non
1275 769 1402 809 debe·

190 848 281 872 mus
305 836 364 872 ita
389 834 536 872 cadere
561 835 720 879 animis,
746 835 862 884 quasi
886 833 1042 884 aliquid
1065 835 1264 879 evenerit,
1289 833 1400 886 quod

191 899 278 937 fieri
311 912 432 950 posse
465 911 692 949 numquam
724 900 968 949 putarimus.
1022 897 1156 936 Simus
1189 900 1316 950 igitur
1349 910 1401 938 ea

190 970 346 1010 mente,
371 977 495 1015 quam
516 965 622 1001 ratio
647 968 691 1001 et
713 965 864 1001 veritas
886 963 1142 1014 praescribit,
1166 967 1214 1001 ut
1236 963 1336 1002 nihil
1357 965 1402 1002 in

190 1032 276 1068 vita
292 1030 408 1067 nobis
423 1028 719 1080 praestandum
734 1033 901 1079 praeter
916 1027 1079 1079 culpam
1093 1033 1288 1079 putemus
1306 1041 1317 1074 ;
1334 1041 1402 1075 eva-

191 1108 272 1147 que
291 1108 385 1133 eum
404 1107 629 1139 careamus,
649 1096 786 1132 omnia
804 1093 985 1132 humana
1006 1093 1174 1144 placate*
1194 1099 1238 1132 et
1259 1093 1400 1133 mode-

190 1166 280 1199 rate
294 1159 488 1198 feramus.
542 1160 683 1210 Atque
697 1158 799 1197 haee
815 1172 864 1197 eo
877 1161 1061 1210 pertinet
1075 1161 1220 1205 oratio,
1233 1164 1295 1205 ut,
1309 1172 1402 1211 per·-

191 1225 286 1264 ditis
308 1226 430 1263 rebus
452 1225 654 1270 omnibus,
676 1229 819 1262 tamen
840 1226 928 1274 ipsa
949 1226 1077 1262 virtus
1099 1237 1144 1262 se
1165 1229 1400 1263 sustentare

190 1304 310 1342 posse
335 1290 537 1328 videatur.
592 1289 687 1335 Sed,
714 1291 747 1327 si
774 1294 838 1327 est
863 1302 957 1340 spes
983 1289 1120 1340 aliqua
1143 1289 1267 1328 rebus
1292 1295 1400 1328 c'om-

191 1356 395 1401 munibus,
416 1368 466 1393 ea
483 1361 545 1401 tu,
565 1357 812 1406 quicumque
830 1359 964 1394 status
984 1360 1048 1393 est
1065 1353 1243 1400 futurus,
1261 1367 1401 1394 carere

151 1428 172 1460 5
191 1435 273 1460 non
300 1421 441 1459 debes.
495 1420 637 1471 Atque
663 1419 766 1458 haec
791 1419 891 1457 mihi
917 1420 1112 1458 scribenti
1137 1420 1333 1459 veniebat
1357 1422 1402 1466 in

191 1492 390 1532 mentem,
409 1499 477 1524 me
497 1499 592 1524 eum
612 1498 715 1531 esse,
735 1487 848 1523 cuius
867 1490 915 1523 tu
933 1485 1266 1536 desperationem
1284 1498 1401 1524 aecu-

191 1565 281 1590 sare
303 1551 444 1589 solitus
467 1564 592 1596 esses,
614 1563 821 1602 quemque
842 1552 1091 1588 auctoritate
1111 1555 1186 1588 tua
1206 1555 1401 1603 cunctan-

191 1622 279 1655 tem
305 1622 348 1654 et
372 1615 627 1654 diffidentem
653 1617 847 1654 excitare.
902 1614 995 1663 Quo
1020 1613 1188 1666 quidem
1211 1607 1400 1666 tempore

192 1695 273 1720 non
292 1694 369 1733 ego
387 1694 552 1719 causam
570 1686 766 1726 nostram,
784 1679 858 1718 sed
875 1679 1086 1718 consilium
1103 1679 1400 1730 improbabam.

192 1745 291 1784 Sero
327 1748 436 1784 enim
470 1758 542 1784 nos
576 1747 624 1783 iis
658 1747 780 1783 armis
815 1745 1020 1784 adversari
1053 1745 1258 1791 videbam,
1293 1757 1400 1796 quae

240 1928 256 1943 ⁰
278 1923 348 1962 ia„
365 1921 468 1955 when
486 1932 538 1973 yve
557 1921 740 1963 definitely
753 1920 875 1963 joined
894 1921 1055 1973 Pompey
1075 1923 1112 1955 in
1131 1921 1192 1955 the
1206 1921 1400 1998 campaign

200 1966 278 1999 that
308 1965 423 1999 ended
454 1965 539 1998 w1th
570 1965 630 1998 the
659 1965 770 1998 battle
797 1965 838 1998 of
867 1965 1052 1999 Pharsaha
1082 1976 1118 1999 m
1148 1967 1194 1999 48
1226 1975 1340 1998 n.c.-
1380 1974 1400 1998 e

198 2011 392 2052 campaign
410 2008 614 2042 mentioned
631 2008 743 2042 below
760 2010 796 2042 in
812 2011 828 2048 ἓ
844 2010 877 2042 5.

201 2090 278 2125 430
