1442 2392
686 150 889 190 CICERO

145 262 167 295 6
185 269 273 302 nos,
301 269 426 308 quam
451 257 543 294 istic
569 261 617 294 tu
645 269 718 294 nos
744 255 915 294 videbis.
971 254 1106 306 Lepta
1132 257 1394 296 suavissimus

186 311 344 350 ediscat
362 310 590 349 Hesiodum
609 315 653 348 et
670 309 825 348 habeat
843 313 886 348 in
904 323 988 355 ore,

457 380 529 432 τῆς
546 379 574 418 δ’
597 380 731 432 ἀρετῆς
752 379 905 431 ἱδρῶτα,
926 385 970 418 et
989 385 1140 420 cetera.

735 504 839 543 XIX

625 604 768 630 CICERO
795 603 950 630 LEPTAE

596 677 762 717 Asturae,
780 689 887 711 A.u.c.
905 680 984 712 709.

149 761 168 795 1
240 755 450 794 Maculam
501 755 630 794 officio
681 755 870 794 functum
923 768 1013 793 esse
1065 754 1241 807 gaudeo,
1294 755 1394 795 Eius

187 811 407 849 Falernum
421 810 521 849 mihi
536 823 698 861 semper
712 810 906 848 idoneum
922 812 1053 847 visum
1068 815 1133 848 est
1146 809 1393 856 deversorio,

187 868 221 903 si
246 865 367 903 modo
393 867 496 903 tecti
522 867 621 902 satis
648 870 713 903 est
738 864 792 902 ad
816 866 1059 902 comitatum
1083 869 1269 902 nostrum
1293 865 1393 903 reei-

186 919 398 970 piendum.
452 918 674 970 Ceteroqui
698 918 797 956 mihi
820 917 931 956 locus
955 931 1038 956 non
1061 917 1277 969 displicet3
1316 930 1394 956 nee

190 987 238 1011 ea
252 986 297 1012 re
313 973 526 1011 Petrinum
541 978 660 1011 tuum
675 972 864 1011 deseram
880 984 891 1018 ;
920 985 1017 1010 nam
1032 977 1076 1010 et
1090 971 1184 1010 villa
1194 977 1244 1010 'et
1257 984 1394 1011 amoe-

148 1033 170 1065 2
189 1030 296 1065 nitas
336 1027 406 1065 illa
445 1029 773 1065 commorationis
814 1031 892 1072 est,
931 1039 1015 1064 non
1054 1026 1272 1064 deversori.
1326 1026 1393 1065 De

186 1084 397 1120 curatione
413 1081 549 1132 aliqua
561 1094 778 1119 munerum
789 1080 1011 1132 regiorum1
1025 1093 1120 1118 cum
1135 1080 1270 1131 Oppio
1284 1079 1393 1119 locu-

187 1142 254 1174 tus
272 1149 375 1174 sum.
430 1136 537 1173 Nam
554 1135 741 1181 Balbum,
757 1141 1029 1186 posteaquam
1045 1140 1093 1173 tu
1110 1147 1154 1173 es
1169 1133 1392 1186 profectus,

187 1204 270 1228 non
286 1190 369 1228 vidi
387 1203 397 1227 t
430 1192 557 1228 tantis
574 1190 729 1241 pedum
745 1189 950 1227 doloribus
969 1188 1154 1234 afficitur,
1171 1194 1220 1227 ut
1237 1200 1281 1227 se
1299 1201 1393 1227 eon—

185 1247 315 1282 veniri
343 1244 459 1283 nolit.
514 1244 691 1282 Omnino
721 1244 774 1282 de
803 1249 895 1282 tota
921 1256 981 1289 re,
1010 1248 1059 1281 ut
1087 1242 1186 1281 mihi
1214 1241 1392 1288 videtur,

186 1301 411 1349 sapientius
441 1297 614 1344 faceres,
645 1300 678 1335 si
708 1311 790 1336 non
820 1310 997 1336 curares.
1050 1296 1173 1345 Quod
1202 1299 1312 1335 enim
1342 1307 1392 1336 eo

184 1352 325 1391 labore
343 1355 506 1404 assequi
526 1355 598 1398 vis,
617 1351 728 1390 nullo
748 1352 868 1390 modo
888 1363 1121 1403 assequere.
1173 1350 1308 1389 Tanta
1327 1355 1392 1390 est

186 1409 296 1445 enim
323 1409 561 1444 intimorum
587 1406 824 1451 multitudo,
852 1411 899 1444 ut
927 1419 979 1444 ex
1006 1408 1054 1444 iis
1081 1405 1227 1456 aliquis
1253 1407 1390 1456 potius

185 1461 339 1507 effluat,
370 1474 494 1512 quam
522 1473 628 1499 novo
658 1463 711 1498 sit
740 1460 891 1506 aditus,
920 1462 1164 1511 praesertim
1193 1461 1263 1511 qui
1292 1458 1391 1497 nihil

185 1515 331 1553 afferat
351 1520 518 1566 praeter
540 1527 723 1565 operam,
745 1517 788 1552 in
816 1527 898 1565 qua
925 1514 994 1552 ille
1015 1527 1060 1552 se
1082 1513 1245 1552 dedisse
1266 1513 1391 1552 bene-

185 1569 321 1607 ficium
336 1570 502 1620 putabit
518 1568 568 1619 (si
583 1569 704 1607 modo
721 1568 762 1606 id
777 1571 912 1619 ipsum
927 1568 1060 1620 sciet),
1074 1581 1158 1606 non
1172 1570 1390 1619 accepisse.

731 1637 745 1657 ²
764 1638 851 1671 MR.

231 1713 247 1728 ⁰
268 1707 344 1740 The
360 1707 427 1740 full
444 1707 514 1740 line
530 1708 559 1740 is
575 1710 630 1747 τῆς
645 1706 672 1739 δ’
684 1709 798 1748 ἀρετῆς
818 1709 936 1748 ἱδρῶτα
957 1709 1023 1739 θεοὶ
1039 1709 1255 1748 προπάροιθεν
1271 1708 1390 1746 ἔθηκαν

186 1750 351 1793 (Hesiod,
370 1750 436 1793 Op.
454 1755 485 1783 et
501 1750 599 1790 Dies,
617 1750 711 1794 289),
730 1750 829 1784 “but
853 1750 977 1784 before
998 1750 1195 1784 excellence
1214 1749 1276 1783 the
1298 1747 1389 1793 gods

187 1798 239 1827 set
254 1794 401 1833 sweat‚’‘
413 1795 483 1832 i.e.‚
496 1794 694 1827 excellence
705 1804 773 1827 can
785 1793 871 1837 only
884 1794 928 1827 be
940 1793 1090 1827 reached
1105 1793 1197 1827 after
1207 1792 1298 1826 hard
1312 1791 1388 1826 toil.

231 1839 245 1859 ⁶
271 1838 433 1880 Possibly
471 1838 510 1870 Ρ.
549 1838 741 1880 Pompeius
780 1838 938 1876 Macula,
975 1848 998 1870 a
1033 1837 1129 1871 lover
1165 1837 1206 1870 of
1244 1836 1388 1876 Fausta,

185 1881 368 1958 dapgislxiggr·
380 1881 566 1963 ginstllgssgm
583 1923 743 1958 between
761 1924 907 1957 Latium
924 1923 997 1958 and
1013 1923 1103 1958 Cam
1131 1925 1226 1957 ania.

231 1968 247 1989 ἆ
273 1968 387 2010 Lepta
408 1979 481 2001 was
501 1969 651 2001 anxious
672 1971 710 2001 to
731 1978 853 2001 secure
874 1978 896 2000 a
918 1971 1079 2001 contract
1115 1978 1155 2000 or
1175 1967 1236 2000 the
1255 1965 1388 2009 supply

186 2012 226 2044 of
249 2013 339 2045 wine
365 2011 516 2053 (curatio
542 2011 647 2052 vini).
696 2011 889 2053 Reyiorum
915 2012 944 2044 is
969 2022 992 2044 a
1018 2010 1168 2053 reading
1192 2009 1387 2052 supported

192 2054 240 2098 by
257 2055 410 2088 Cicero's
433 2054 612 2097 speaking·
626 2054 667 2087 of
683 2054 814 2087 Caesar
829 2065 869 2087 as
885 2065 946 2086 raa·
962 2055 998 2087 in
1013 2054 1093 2087 Aa.
1109 2055 1182 2087 xiii.
1197 2056 1255 2088 37.
1270 2057 1306 2088 9.

188 2112 264 2146 508
