1442 2392
703 120 906 161 CICERO

203 236 254 260 ex
276 225 377 261 meis
398 224 623 262 rationibus
644 223 783 262 relatis
805 237 886 262 non
908 226 1104 275 oportuit,
1125 226 1201 263 nisi
1222 223 1322 275 quid
1340 236 1408 263 me

202 276 332 323 fallit;
361 283 457 316 sunt
477 280 585 316 enim
611 277 676 315 alii
702 280 929 328 peritiores.
984 278 1090 317 Illud
1112 291 1211 317 cave
1230 279 1410 324 dubites,

203 334 301 382 quin
324 345 402 383 ego
422 334 559 370 omnia
578 331 726 370 faciam
747 346 854 383 quae
875 335 1074 372 interesse
1094 337 1170 371 tua
1189 338 1263 371 aut
1283 335 1410 372 etiam

205 385 308 424 velle
326 391 369 424 te
387 389 635 432 existimem,
652 389 685 424 si
704 386 784 424 ullo
801 387 923 425 modo
939 386 1075 425 facere
1091 389 1257 438 possim.
1289 386 1411 435 Quod

204 440 343 478 scribis
364 440 416 478 de
437 441 659 486 beneficiis,
679 443 781 479 scito
805 454 830 479 a
851 454 918 479 me
945 447 990 479 et
1009 441 1194 480 tribunos
1213 441 1411 480 militares

205 499 250 532 et
291 494 522 545 praefectos
565 500 610 533 et
651 495 980 541 contubernales,
1022 496 1243 535 dumtaxat
1282 508 1411 541 meos,

205 548 364 586 delatos
407 562 510 587 esse.
566 549 615 586 In
658 563 739 600 quo
782 550 949 600 quidem
991 552 1097 588 ratio
1139 563 1206 588 me
1248 548 1411 588 fefellit.

207 602 402 640 Liberum
431 606 540 641 enim
568 603 668 641 mihi
695 609 860 654 tempus
890 604 943 642 ad
971 617 1040 642 eos
1068 603 1314 643 deferendos
1341 617 1412 642 ex-

204 658 438 695 istimabam
461 658 563 696 dari.
581 666 585 669 '
616 657 767 696 Postea
788 660 938 697 certior
958 672 1049 696 sum
1071 657 1219 704 factus,
1241 660 1413 710 triginta

206 711 350 749 diebus
376 711 525 750 deferri
552 725 719 751 necesse
746 726 850 758 esse,
875 713 1023 764 quibus
1047 715 1228 751 rati0nes
1252 711 1413 752 retulis-

205 778 306 804 sem.
360 765 467 804 Sane
506 766 680 805 moleste
719 766 809 813 tuli,
847 780 930 804 non
967 766 1037 804 illa
1074 767 1276 805 beneficia
1313 772 1412 806 tuae

205 822 342 870 potius
379 821 590 859 ambitioni
627 826 837 859 reservata
872 834 976 867 esse,
1013 834 1137 872 quam
1172 833 1307 867 meae,
1342 823 1410 873 qui

207 875 431 912 ambitione
455 874 555 912 nihil
578 881 731 913 uterer.
785 874 851 913 De
875 875 1181 914 centurionibus
1203 881 1347 914 tamen
1368 880 1414 914 et

206 928 259 966 de
281 929 537 967 tribunorum
558 929 795 968 militarium
817 929 1177 968 contubernalibus
1197 943 1262 968 res
1285 934 1350 968 est
1368 931 1413 968 111

205 985 382 1034 integro.
436 983 577 1021 Genus
597 987 706 1021 enim
725 983 869 1021 horum
888 984 1179 1022 beneficiorum
1197 983 1412 1022 definitum

205 1037 297 1088 lege
336 1051 418 1075 non
456 1043 560 1076 erat.
614 1037 832 1089 Reliquum
861 1044 925 1076 est
952 1038 1004 1077 de
1034 1038 1103 1076 HS
1131 1044 1298 1077 centum
1325 1037 1414 1077 mil-

206 1091 326 1137 libus,
341 1092 393 1130 de
409 1093 556 1143 quibus
571 1095 740 1130 memini
753 1092 853 1130 mihi
869 1106 894 1130 a
907 1098 951 1130 te
969 1092 1136 1145 Myrina
1148 1092 1309 1131 litteras
1323 1104 1412 1131 esse

207 1146 366 1192 allatas,
395 1160 476 1183 non
504 1150 587 1185 mei
615 1150 754 1193 errati,
782 1147 855 1185 sed
884 1149 973 1193 tui3
1016 1149 1059 1184 in
1087 1159 1170 1198 quo
1197 1152 1414 1197 peccatum

209 1200 424 1239 videbatur
443 1214 546 1246 esse,
566 1203 599 1239 si
616 1201 739 1239 modo
758 1207 861 1246 erat,
879 1200 1017 1239 fratris
1035 1203 1097 1239 tui
1116 1206 1160 1240 et
1177 1200 1296 1240 Tulli.
1330 1199 1413 1240 Sed

207 1267 299 1292 cum
320 1255 363 1292 id
384 1258 529 1306 corrigi
549 1269 632 1293 non
651 1261 806 1306 posset,
827 1255 952 1306 quod,
971 1258 1054 1293 iam
1074 1255 1271 1306 depositis
1289 1257 1413 1294 ratio-

207 1309 340 1354 nibus,
360 1322 411 1346 ex
436 1312 644 1359 provincia
668 1310 988 1356 decesseramus,
1005 1309 1128 1348 credo
1151 1322 1221 1348 me
1245 1309 1412 1361 quidem

206 1363 281 1401 tibi
306 1376 380 1413 pro
404 1366 528 1401 animi
551 1366 634 1402 mei
656 1364 869 1402 voluntate
892 1377 1049 1416 proque
1073 1377 1124 1402 ea
1145 1376 1219 1415 spe
1241 1363 1412 1402 faculta—

207 1422 311 1462 tum,
353 1431 476 1468 quam
517 1423 608 1456 tum
648 1417 916 1464 habebamus,
957 1431 1081 1469 quam
1121 1417 1411 1457 humanissime

206 1475 426 1522 potuerim,
449 1475 715 1523 rescripsisse.
761 1472 843 1510 Sed
865 1485 1001 1524 neque
1024 1478 1115 1511 tum
1137 1486 1204 1511 me
1227 1471 1413 1511 humani-

207 1531 296 1564 tate
313 1526 545 1564 litterarum
562 1539 748 1565 mearum
765 1527 992 1578 obligatum
1008 1532 1126 1578 puto,
1143 1539 1279 1578 neque
1295 1532 1410 1566 tuam

256 1697 272 1713 ⁶
294 1693 370 1726 The
385 1704 562 1735 governor
577 1695 619 1727 of
635 1705 658 1727 a
674 1694 843 1736 province
859 1704 905 1726 on
923 1693 978 1726 his
994 1696 1116 1726 return
1132 1695 1171 1727 to
1187 1692 1303 1727 Rome
1317 1703 1410 1736 gave

209 1737 270 1770 the
281 1737 459 1780 Treasury
475 1748 497 1770 a
513 1736 572 1770 list
587 1737 628 1770 of
646 1737 750 1770 those
772 1748 819 1770 on
843 1737 898 1770 his
920 1736 1007 1770 staff
1026 1748 1067 1770 or
1088 1737 1254 1780 personal
1266 1738 1358 1771 suite
1371 1739 1410 1771 to

210 1781 329 1813 whom
345 1780 390 1814 he
406 1780 479 1813 had
496 1780 647 1823 granted
665 1780 820 1814 rewards
837 1780 892 1814 for
908 1780 1040 1823 special
1057 1781 1190 1814 service
1205 1779 1408 1824 (beneficia),

212 1824 326 1857 which
343 1823 461 1857 would
478 1835 614 1866 appear
629 1825 665 1857 in
680 1824 741 1857 the
757 1827 939 1857 accounts.

256 1866 269 1887 ¹³
295 1867 326 1900 A
356 1878 435 1899 sum
462 1867 518 1900 for
546 1867 660 1900 which
691 1867 819 1905 Rufus,
848 1867 1004 1910 through
1035 1877 1133 1900 some
1160 1877 1256 1900 error
1283 1867 1321 1901 in
1346 1866 1408 1900 the

207 1914 388 1949 accounts,
405 1921 476 1943 was
498 1910 666 1944 indebted
686 1914 723 1943 to
744 1911 804 1944 the
818 1910 1155 1953 Treasury-about
1168 1909 1266 1944 ..1:800
1285 1910 1323 1944 in
1340 1921 1408 1945 our

208 1965 349 1987 rnonev.

254 2002 267 2019 ⁶
292 1999 324 2030 A
342 2000 483 2039 seaport
502 2000 595 2031 town
613 1999 648 2030 in
666 1997 803 2030 Aeolia.

207 2072 286 2112 416
