1442 2392
714 130 917 170 CICERO

210 244 334 282 quam
350 238 424 271 tua
440 239 588 284 sponte
605 247 704 286 erga
720 234 939 274 Caecinam
955 236 1170 275 habiturus
1187 250 1314 284 esses,
1328 243 1420 277 tan-

209 307 276 340 tus
294 303 479 342 cumulus
497 305 668 343 accedat
686 306 1042 345 commendatione
1061 320 1168 354 mea,
1189 308 1341 359 quanti·
1351 322 1419 348 me

208 385 234 410 a
261 378 305 411 te
335 373 422 411 fieri
450 374 661 428 intellego.
715 376 804 415 Hoc
832 377 931 417 mihi
960 379 1117 429 gratius
1147 377 1285 417 facere
1304 378 1415 450 nihil

207 448 340 494 potes.

780 535 845 574 ΧΑ

528 633 575 661 Μ.
602 635 744 660 CICERO
772 636 805 663 S.
833 636 873 662 D.
900 636 1104 662 TREBIANO

629 708 777 749 Romae,
795 721 902 743 A.U.c.
921 713 998 744 708.

169 786 188 822 1
259 785 348 836 Ego
375 789 518 836 quanti
544 792 588 824 te
613 786 761 825 faciam
787 801 1031 840 semperque
1056 788 1226 828 fecerim
1251 791 1413 841 quanti-

207 868 288 906 que
311 869 377 894 me
400 870 425 894 a
447 862 491 895 te
514 857 600 895 fieri
623 858 912 905 intellexerim,
935 873 1026 898 sum
1047 859 1146 898 mihi
1168 862 1256 911 ipse
1278 862 1412 899 testis.

207 925 314 964 Nam
338 933 382 965 et
403 928 614 966 consilium
638 934 770 975 tuum,
793 929 859 968 vel
881 944 998 968 casus
1020 933 1172 982 potius,
1194 931 1349 970 diutius
1370 933 1414 968 in

207 1000 327 1035 armis
368 998 550 1037 civilibus
590 1001 880 1046 commorandi,
921 1014 1084 1052 semper
1123 1001 1222 1040 mihi
1262 1014 1412 1054 magno

206 1067 333 1106 dolori
360 1068 453 1115 fuit,
482 1075 526 1108 et
552 1070 617 1108 hic
646 1077 832 1117 eventus,
860 1072 971 1123 quod
997 1071 1168 1118 tardius,
1196 1085 1320 1124 quam
1347 1076 1411 1111 est

205 1152 397 1190 aequum,
418 1146 462 1178 et
481 1154 604 1192 quam
625 1155 702 1193 ego
721 1142 883 1188 vellem,
902 1156 1120 1194 recuperas
1139 1124 1349 1183 fortunam
1367 1147 1411 1193 et

203 1209 452 1260 dignitatem
477 1217 607 1257 tuam,
632 1212 731 1250 mihi
756 1227 839 1251 non
863 1216 1009 1252 minori
1033 1227 1156 1252 curae
1181 1219 1259 1260 est,
1285 1226 1410 1266 quam

203 1281 279 1319 tibi
300 1294 463 1332 semper
481 1281 651 1321 fuerunt
671 1297 787 1322 casus
808 1287 903 1323 mei.
959 1284 1108 1336 Itaque
1130 1289 1174 1323 et
1193 1284 1410 1323 Postumu-

202 1351 295 1390 leno
311 1358 354 1390 et
368 1351 501 1391 Sestio
517 1359 561 1392 et
575 1357 811 1407 saepissime
833 1356 974 1394 Attico
988 1355 1127 1394 nostro
1140 1357 1409 1413 proximeque

199 1422 410 1469 Theudae,
429 1423 577 1463 liberto
596 1430 683 1471 tuo,
703 1431 840 1464 totum
859 1440 927 1465 me
945 1425 1140 1477 patefeci,
1160 1432 1205 1465 et
1222 1426 1326 1466 haec
1343 1425 1406 1465 his

201 1494 369 1545 singulis
388 1508 512 1546 saepe
531 1496 629 1541 dixi,
649 1509 907 1549 quacumque
925 1509 971 1536 re
987 1504 1165 1548 possem,
1176 1501 1253 1536 'me
1270 1498 1346 1537 tibi
1364 1500 1409 1536 et

200 1563 336 1603 liberis
352 1568 433 1604 tuis
448 1565 685 1606 satisfacere
700 1581 850 1618 cupere
869 1580 898 1614 ;ἱ
908 1568 1033 1620 idque
1048 1573 1096 1607 tu
1112 1568 1165 1607 ad
1179 1573 1271 1607 tuos
1286 1567 1407 1629 velim

166 1674 168 1677 ,
200 1636 365 1682 scribas,
392 1636 495 1676 haec
522 1638 690 1688 quidem
716 1644 844 1685 certe,
873 1652 979 1690 quae
1004 1641 1049 1677 in
1074 1644 1287 1690 potestate
1303 1629 1407 1685 ,mea

199 1712 310 1752 sunt,
329 1712 376 1745 ut
395 1721 577 1758 operam,
596 1709 822 1755 consilium,
840 1723 942 1756 rem,
962 1709 1087 1748 fidem
1103 1720 1241 1748 meam
1259 1711 1335 1748 sibi
1353 1709 1407 1748 ad

159 1781 180 1813 2
199 1790 340 1815 omnes
368 1791 433 1816 res
461 1784 607 1830 parata
634 1785 798 1830 putent.
854 1779 894 1817 Si
924 1775 1172 1819 auctoritate
1201 1786 1245 1819 et
1267 1782 1406 1842 gratia

198 1853 363 1886 tantum
382 1862 558 1900 possem,
579 1857 781 1901 quantum
800 1853 842 1888 in
863 1864 912 1889 ea
930 1851 1154 1902 republica,
1173 1851 1227 1890 de
1247 1864 1328 1903 qua
1343 1853 1405 1894 ita

248 1977 453 2020 “Nothing
482 1988 580 2012 more
609 1980 638 2011 is
668 1978 800 2012 known
831 1979 872 2012 of
897 1979 1096 2013 Trebianus
1124 1979 1212 2012 than
1243 1989 1328 2022 may
1346 1978 1402 2014 be

200 2020 372 2061 gathered
390 1989 482 2054 frogm
501 2022 570 2058 this
586 2022 659 2055 and
676 2023 737 2056 the
753 2026 835 2056 next
852 2023 978 2056 letter.
1383 2046 1385 2048 -

202 2076 278 2113 478
