1442 2392
648 152 852 191 CICERO

143 262 307 298 sinistra
339 258 586 302 Corinthus;
633 271 740 309 quae
772 257 924 308 oppida
955 253 1134 308 quodam
1166 262 1354 309 tempore

144 314 430 353 florentissima
457 312 640 357 fuerunt,
663 326 771 350 nunc
792 317 1000 362 prostrata
1026 317 1070 350 et
1093 312 1230 350 diruta
1255 316 1354 351 ante

143 369 280 407 oculos
308 371 459 406 iacent.
513 367 639 417 Coepi
670 371 838 417 egomet
866 379 1028 404 mecum
1057 369 1114 404 sic
1142 369 1353 418 cogitare:

143 423 280 461 Hem!
324 436 397 460 nos
425 421 658 459 homunculi
686 421 961 471 indignamur,
989 423 1022 458 si
1050 423 1141 472 quis
1169 426 1354 459 nostrum

143 479 301 516 interiit
335 482 408 514 aut
442 479 596 514 occisus
631 481 709 521 est,
743 489 917 526 quorum
951 477 1037 513 vita
1070 475 1231 514 brevior
1263 487 1354 514 esse

143 532 285 577 debet,
304 545 397 569 cum

444 619 517 641 uno
535 608 611 641 loco
628 610 681 641 tot
697 607 872 650 oppidum
888 606 1063 640 cadavera

444 654 602 695 proiecta
619 653 758 684 iaceant
772 654 786 684 ?

143 731 268 770 Visne
289 736 335 769 tu
357 735 415 776 te,
436 729 564 775 Servi,
585 728 791 774 cohibere,
812 733 856 766 et
876 730 1125 774 meminisse,
1146 727 1354 767 hominem

144 792 188 825 te
209 798 298 823 esse
318 784 492 823 natum?
547 783 679 821 Crede
699 782 813 828 mihi,
828 784 1078 834 cogitatione
1099 796 1150 821 ea
1168 796 1251 821 non
1268 796 1354 821 me-

144 840 337 879 diocriter
352 853 442 877 sum
458 837 735 877 confirmatus.
789 836 879 875 Hoc
894 837 1019 882 idem,
1035 839 1070 875 si
1085 837 1161 875 tibi
1177 837 1354 884 videtur,

144 894 210 933 fac
225 900 322 932 ante
338 893 475 931 oculos
489 892 565 930 tibi
583 904 801 943 proponas.
845 890 973 929 Modo
989 905 1071 929 uno
1085 896 1273 942 tempore
1288 896 1353 931 tot

145 951 218 987 viri
235 948 444 986 clarissimi
459 949 708 985 interierunt
725 958 735 991 ;
766 945 819 984 de
836 947 1007 996 imperio
1023 945 1164 996 populi
1181 945 1355 984 Romani

144 1008 264 1042 tanta
278 1002 506 1040 deminutio
521 1000 632 1039 facta
647 1005 712 1038 est
728 1012 739 1045 ;
754 1013 895 1038 omnes
909 1002 1142 1050 provinciae
1156 1013 1354 1052 conquas-

145 1063 261 1096 satae
284 1062 408 1102 sunt;
446 1058 488 1093 in
511 1058 630 1093 unius
652 1054 916 1092 mulierculae
939 1053 1119 1092 animula
1140 1056 1174 1092 si
1195 1056 1354 1093 iactura

146 1111 258 1150 facta
295 1116 373 1156 est,
406 1115 525 1148 tanto
558 1122 683 1160 opere
720 1110 985 1147 commoveris
1003 1109 1019 1146 ?
1065 1121 1173 1159 quae
1205 1111 1238 1147 si
1277 1108 1354 1148 hoc

145 1172 333 1216 tempore
362 1178 444 1203 non
472 1164 582 1202 diem
610 1177 730 1201 suum
757 1163 926 1208 obisset,
948 1164 1088 1212 paucis
1114 1168 1210 1213 post
1237 1165 1352 1202 annis

146 1226 288 1259 tamen
303 1222 340 1258 ei
360 1218 617 1257 moriendum
631 1217 725 1263 fuit,
739 1219 932 1268 quoniam
953 1216 1074 1255 homo
1088 1222 1188 1256 nata
1201 1215 1352 1256 fuerat.

146 1274 284 1313 Etiam
297 1280 343 1312 tu
357 1274 409 1311 ab
422 1273 532 1311 hisce
544 1272 666 1311 rebus
679 1274 860 1309 animum
873 1284 920 1309 ac
932 1273 1226 1322 cogitationem
1237 1277 1352 1310 tuam

146 1341 285 1373 avoca,
311 1334 437 1379 atque
464 1340 513 1365 ea
537 1329 673 1377 potius
698 1328 973 1371 reminiscere,
999 1338 1105 1376 quae
1130 1325 1256 1377 digna
1279 1330 1354 1364 tua

146 1396 320 1433 persona
336 1387 432 1420 sunt
451 1395 460 1419 ε
492 1381 618 1426 illam,
635 1380 831 1431 quamdiu
849 1382 886 1418 ei
903 1393 1004 1430 opus
1020 1378 1160 1426 fuerit,
1177 1381 1324 1419 vixisse
1341 1392 1352 1426 ;

147 1451 228 1476 una
257 1450 349 1475 cum
378 1435 587 1486 republica
614 1434 764 1479 fuisse3
797 1440 855 1480 te,
883 1440 1046 1484 patrem
1074 1447 1207 1479 suum,
1234 1447 1353 1485 prae-

147 1498 295 1537 torem,
324 1490 546 1535 consulem,
580 1502 778 1540 augurem
806 1488 983 1533 vidisse3
1022 1487 1352 1527 adulescentibus

147 1548 347 1597 primariis
376 1550 549 1595 nuptam
574 1543 727 1589 fuisse3
756 1542 943 1581 omnibus
971 1542 1088 1581 bonis
1115 1555 1243 1593 prope
1261 1556 1352 1594 per-

146 1599 331 1638 functam
352 1612 440 1637 esse
460 1611 470 1644 ;
498 1612 591 1637 cum
614 1597 844 1648 respublica
866 1596 1085 1642 occideret,
1105 1599 1190 1635 vita
1213 1610 1355 1635 exces-

145 1657 259 1693 sisse.
312 1653 423 1701 Quid
450 1658 528 1699 est,
556 1652 666 1703 quod
693 1658 741 1690 tu
769 1657 841 1690 aut
867 1651 937 1689 illa
963 1665 1057 1689 cum
1084 1649 1250 1689 fortuna
1276 1650 1356 1699 hoc⁴

196 1812 210 1827 ⁰
235 1806 356 1849 Byron
387 1804 494 1838 made
523 1804 583 1837 the
613 1814 713 1836 same
743 1812 883 1845 voyage
913 1801 986 1844 (see
1019 1801 1146 1835 &hilde
1180 1801 1350 1836 Harold’s

153 1850 385 1892 Pilyrimaqe,
403 1848 519 1882 Canto
535 1859 583 1880 ιν.
601 1847 721 1889 xliV.):
1305 1847 1309 1851 '

265 1900 486 1942 Wandering
502 1901 538 1932 in
555 1899 680 1941 youth,
699 1898 713 1931 1
730 1897 851 1930 traced
867 1897 928 1930 the
943 1896 1031 1940 path
1046 1896 1088 1929 of
1099 1895 1188 1935 him,

265 1945 341 1977 The
359 1944 501 1977 Roman
516 1942 633 1976 friend
649 1942 690 1976 of
705 1941 850 1974 Rome's
866 1940 955 1974 least
971 1938 1099 1973 mortal
1117 1938 1229 1979 mind,

266 1988 342 2021 The
357 1986 474 2020 friend
490 1986 531 2020 of
543 1985 661 2028 Tully.

197 2041 211 2062 θ
236 2039 458 2083 Apparently
473 2049 496 2071 a
511 2037 663 2082 poetical
679 2037 878 2080 quotation.

156 2100 232 2134 272
