1442 2392
681 116 884 156 CICERO

180 233 321 259 omnes
345 233 410 259 res
435 234 517 260 non
541 223 687 259 minori
715 221 815 260 mihi
843 234 966 259 curae
991 234 1116 272 quam
1143 233 1258 259 meas
1284 233 1387 262 esse.

140 295 161 327 2
180 290 303 338 Quod
322 294 476 330 maiore
496 294 538 330 in
552 294 756 330 varietate
771 297 935 330 versata
951 297 1016 330 est
1029 291 1164 330 adhue
1178 296 1253 330 tua
1266 293 1391 330 causa.

181 374 306 413 quam
333 361 519 401 homines
547 368 622 401 aut
649 363 844 402 volebant
872 367 946 400 aut
974 362 1263 414 opinabantur,
1291 359 1390 406 mihi

181 433 317 478 crede,
346 447 428 471 non
459 439 524 471 est
551 447 625 484 pro
654 434 770 471 malis
810 439 1045 484 temporum
1074 432 1185 484 quod
1216 431 1391 474 moleste

180 502 302 542 feras.
358 504 537 542 Necesse
579 510 643 543 est
684 507 794 543 enim
834 510 907 542 aut
948 506 1070 542 armis
1110 506 1248 555 urgeri
1286 515 1391 542 rem-

180 574 387 624 publicam
425 578 699 626 sempiternis,
729 581 804 613 aut
841 575 903 613 his
937 577 1080 627 positis
1109 576 1284 612 recreari
1321 568 1392 627 ali-

182 645 361 696 quando,
396 652 469 684 aut
501 645 687 685 funditus
722 649 903 685 interire.
958 646 999 684 Si
1034 658 1148 684 arma
1180 645 1392 690 valebunt,

183 728 259 754 nec
273 729 356 762 eos,
372 730 397 754 a
412 718 559 768 quibus
573 720 781 769 reciperis,
795 719 927 756 vereri
942 717 1085 763 debes,
1099 729 1176 755 nec
1192 728 1276 762 eos,
1291 727 1392 767 quos

182 787 397 833 adiuvisti;
433 790 479 834 si,
499 791 621 826 armis
641 795 714 827 aut
733 788 970 827 condicione
988 789 1132 839 positis
1152 791 1226 825 aut
1244 784 1392 825 defati-

181 861 349 909 gatione
366 859 537 897 abiectis
555 865 629 898 aut
646 862 814 898 victoria
831 859 1043 904 detractis,
1060 860 1203 896 civitas
1219 858 1392 908 respira·-

181 931 300 974 verit‚
330 935 374 968 et
400 930 606 981 dignitate
632 929 714 968 frui
741 931 817 969 tibi
847 936 891 969 et
916 929 1091 968 fortunis
1118 929 1287 973 licebit;
1329 927 1394 966 sin

182 1003 346 1038 omnino
372 1003 605 1040 interierint
631 1005 768 1040 omnia
794 1000 1003 1053 fueritque
1028 1003 1062 1039 is
1091 1002 1241 1045 exitus,
1268 1007 1392 1050 quem

181 1073 241 1109 vir
263 1072 620 1122 prudentissimus,
647 1073 709 1112 M.
735 1073 954 1118 Antonius,
979 1074 1061 1109 iam
1085 1076 1176 1109 tum
1201 1068 1392 1114 timebat,

181 1155 274 1179 cum
305 1148 469 1181 tantum
499 1146 653 1182 instare
683 1144 885 1182 malorum
915 1142 1213 1194 suspicabatur,
1243 1142 1392 1179 misera

183 1218 247 1251 est
263 1213 331 1251 illa
348 1215 515 1265 quidem
533 1214 769 1260 consolatio,
787 1215 860 1252 tali
876 1215 1120 1265 praesertim
1137 1214 1213 1250 civi
1231 1216 1275 1249 et
1292 1211 1391 1256 viro,

182 1284 255 1322 sed
280 1290 421 1322 tamen
447 1289 690 1331 necessaria,
716 1285 815 1324 nihil
841 1298 930 1323 esse
955 1286 1175 1335 praecipue
1201 1284 1390 1333 cuiquam

143 1359 163 1391 3
182 1354 403 1394 dolendum
432 1359 473 1394 in
502 1370 550 1394 eo
579 1357 690 1407 quod
717 1356 877 1395 accidat
906 1358 1117 1393 universis.
1186 1353 1304 1401 Quae
1332 1354 1390 1390 vis

182 1428 279 1463 insit
306 1429 347 1464 in
375 1427 436 1465 his
463 1430 604 1478 paucis
632 1429 766 1466 verbis
795 1427 928 1478 (plura
957 1429 1067 1464 enim
1094 1422 1391 1463 committenda

183 1497 384 1547 epistulae
402 1511 483 1536 non
503 1498 652 1550 erant),
670 1501 704 1536 si
721 1498 929 1543 attendes,
948 1497 1059 1548 quod
1074 1495 1188 1541 facis,
1205 1493 1391 1546 profecto

184 1570 310 1606 etiam
333 1571 420 1607 sine
442 1572 544 1607 meis
567 1570 716 1607 litteris
739 1569 971 1620 intelleges,
994 1573 1038 1606 te
1061 1566 1216 1618 aliquid
1236 1565 1390 1603 habere

183 1639 293 1689 quod
307 1652 461 1690 speres,
474 1640 574 1678 nihil
595 1640 706 1691 quod
720 1646 793 1678 aut
807 1640 884 1679 hoc
898 1644 972 1677 aut
992 1638 1128 1689 aliquo
1141 1635 1390 1687 reipublicae

183 1715 295 1748 statu
317 1713 493 1757 timeas;
530 1714 666 1749 omnia
687 1713 720 1749 si
742 1712 988 1756 interierint,
1010 1723 1104 1748 cum
1125 1701 1390 1759 superstitem

270 1797 440 1831 “Caesar
463 1798 525 1831 did
549 1802 611 1831 not
634 1802 741 1840 grant
763 1798 939 1839 complete
961 1796 1101 1839 pardon
1124 1799 1161 1829 to
1182 1794 1388 1835 Torquatus

185 1802 246 1872 an‘
254 1844 293 1874 at
314 1852 413 1874 once.
463 1842 586 1875 About
607 1842 678 1875 this
700 1843 786 1875 time
809 1842 853 1874 he
875 1839 1024 1874 allowed
1046 1839 1123 1874 him
1145 1842 1183 1872 to
1205 1839 1327 1871 return
1350 1839 1389 1871 to

190 1883 295 1926 Italy,
312 1884 377 1918 but
395 1888 457 1918 not
472 1888 510 1918 to
528 1885 653 1918 Rome.
659 1885 679 1898 ”
728 1884 802 1928 Tyr
805 1884 878 1917 rell

233 1928 246 1947 ⁶
270 1928 295 1959 i.
299 1938 340 1966 e„
369 1928 491 1961 before
521 1928 581 1961 the
610 1928 692 1962 civil
721 1939 794 1960 war
821 1927 861 1960 of
891 1927 1030 1960 Marius
1059 1925 1132 1959 and
1161 1924 1272 1959 Sulla.
1333 1922 1386 1957 M.

189 1970 378 2010 Antonius,
395 1971 455 2004 the
471 1975 600 2011 orator,
614 1982 686 2006 was
702 1974 768 2014 put
783 1974 820 2004 to
835 1971 943 2004 death
958 1970 1009 2013 by
1028 1970 1167 2003 Marius
1181 1967 1255 2002 and
1271 1967 1387 2002 Cinna

189 2015 224 2046 in
241 2017 283 2047 87
302 2026 333 2047 B.
338 2026 368 2047 c.

187 2065 262 2104 436
