1442 2392
693 145 896 186 CICERO

155 256 176 290 7
193 263 276 289 non
291 251 558 302 praedicente
574 264 656 290 me.
704 251 857 300 Quare,
875 254 1082 304 quoniam,
1099 256 1148 290 ut
1165 263 1341 303 augures
1357 255 1401 290 et

194 315 389 368 astrologi
411 316 558 362 solent,
581 330 658 368 ego
681 329 845 368 quoque
867 330 998 368 augur
1018 314 1204 369 publicus
1227 328 1278 355 ex
1299 311 1400 368 meis

194 382 468 432 superioribus
482 382 703 433 praedictis
718 384 912 420 constitui
927 382 1039 434 apud
1052 387 1096 420 te
1111 370 1400 435 auctoritatem

194 449 339 498 auguri
369 453 413 485 et
441 447 702 486 divinationis
731 461 865 493 meae,
894 447 1066 486 debebit
1094 447 1248 498 habere
1277 446 1400 498 fidem

194 517 334 550 nostra
349 512 589 563 praedictio.
644 511 737 551 Non
752 515 878 564 igitur
895 526 947 552 ex
964 513 1071 551 alitis
1086 512 1271 552 involatu·
1284 525 1362 551 nee
1372 525 1400 567 ,ς

192 582 318 615 cantu
340 580 501 616 sinistro
523 580 682 624 oscinis,
703 583 752 616 ut
771 580 814 615 in
833 584 974 616 nostra
994 578 1206 630 disciplina
1226 583 1305 624 est,
1320 576 1401 616 ‘nee

195 655 247 680 ex
269 643 458 694 tripudiis
481 643 686 681 solistimis
709 649 783 681 aut
805 646 966 682 soniviis
988 644 1065 683 tibi
1088 656 1264 695 auguror
1275 655 1292 690 >3
1328 640 1400 686 sed

193 707 327 746 habeo
348 708 427 746 alia
447 711 577 760 signa,
598 722 704 760 quae
727 709 954 756 observem,
979 722 1086 761 quae
1107 711 1185 748 etsi
1203 722 1286 747 non
1305 713 1401 759 sunt

194 776 369 811 certiora
385 773 478 820 illis,
495 776 628 812 minus
646 779 788 812 tamen
805 774 962 813 habent
979 774 1045 813 vel
1061 767 1400 824 obscuritatisvel

156 844 177 876 8
195 841 354 877 erroris.
409 839 616 877 Notantur
638 845 781 877 autem
802 840 902 877 mihi
923 840 978 878 ad
999 840 1264 879 divinandum
1285 842 1400 891 signa

195 904 345 955 duplici
364 904 543 955 quadam
560 907 639 951 via,
659 918 832 956 quarum
861 905 1034 945 alteram
1062 905 1166 944 duco
1184 918 1210 943 a
1226 904 1402 955 Caesare

195 971 298 1020 ipso,
335 969 509 1007 alteram
547 983 570 1008 e
607 976 841 1022 temporum
877 971 1054 1009 civilium
1089 975 1238 1009 natura
1274 974 1402 1030 atque

194 1037 368 1074 ratione.
424 1035 474 1073 In
506 1034 682 1074 Caesare
714 1035 816 1075 haec
849 1038 1108 1075 sunt—mitis
1139 1035 1402 1089 clemensque

196 1106 358 1146 natura,
374 1101 504 1151 qualis
521 1104 762 1152 exprimitur
776 1101 985 1152 praeclaro
1004 1101 1072 1140 illo
1091 1101 1194 1140 libro
1209 1100 1402 1146 Querella-

194 1179 277 1204 rum
301 1171 480 1205 tuarum.
533 1167 721 1212 Accedit,
746 1167 857 1218 quod
879 1167 1047 1206 mirifice
1071 1169 1245 1219 ingeniis
1269 1166 1403 1206 excel-

194 1231 388 1277 lentibus,
402 1231 523 1282 quale
537 1237 601 1270 est
612 1237 746 1278 tuum,
759 1233 1003 1271 delectatur.
1058 1232 1281 1271 Praeterea
1291 1231 1403 1272 cedit

195 1296 417 1334 multorum
438 1299 569 1343 iustis,
593 1302 636 1335 et
657 1297 785 1336 officio
806 1300 995 1344 incensis,
1016 1310 1100 1336 non
1119 1297 1308 1336 inanibus
1330 1302 1403 1337 aut

195 1362 434 1408 ambitiosis,
466 1362 759 1401 voluntatibus.
815 1363 865 1402 In
895 1377 976 1415 quo
1007 1363 1277 1402 vehementer
1309 1376 1401 1402 eum

158 1432 178 1464 9
195 1430 454 1466 consentiens
474 1428 639 1466 Etruria
656 1429 853 1468 movebit.
907 1428 989 1467 Cur
1006 1429 1109 1468 haec
1126 1431 1253 1481 igitur
1269 1428 1403 1467 adhuc

195 1506 342 1543 parurn
370 1492 668 1544 profecerunt?
723 1493 831 1542 Quia
861 1507 943 1532 non
973 1499 1096 1545 putat
1126 1507 1171 1533 se
1198 1496 1403 1532 sustinere

196 1571 339 1612 causas
368 1571 489 1609 posse
518 1559 756 1604 multorum,
787 1562 820 1597 si
850 1560 940 1605 tibi,
971 1561 1036 1598 cui
1065 1561 1212 1598 iustius
1241 1559 1404 1598 videtur

196 1626 312 1662 irasci
342 1637 476 1675 posse,
505 1627 765 1663 concesserit.
820 1625 937 1673 Quae
969 1631 1033 1663 est
1062 1627 1201 1677 igitur,
1230 1627 1403 1677 inquies,

248 1743 263 1758 ⁶
290 1739 505 1781 Tripudium
521 1750 593 1772 was
609 1739 669 1772 the
684 1739 862 1773 technical
884 1742 975 1773 term
996 1740 1053 1774 for
1067 1740 1127 1774 the
1144 1740 1274 1784 falling
1288 1744 1327 1775 to
1341 1741 1402 1775 the

202 1782 344 1824 ground
357 1782 398 1815 of
405 1782 467 1815 the
479 1782 563 1815 food
577 1784 683 1824 given
696 1786 734 1816 to
746 1783 806 1816 the
822 1783 945 1816 sacred
961 1782 1143 1817 chickens.
1183 1784 1401 1824 Solistimm,

205 1825 256 1858 lit.
268 1829 308 1902 h“
320 1829 413 1859 most
440 1826 612 1868 perfeet.”
663 1827 844 1866 Sonivius,
873 1831 895 1845 “
909 1827 1058 1869 rattling
1083 1827 1234 1871 audibly
1263 1839 1311 1862 on
1340 1828 1402 1863 the

229 1872 266 1902 at
293 1880 348 1902 wa
375 1870 410 1902 .''

203 1879 226 1911 p
245 1914 258 1934 ⁶
283 1881 449 1946 Seeynote
465 1923 513 1946 on
530 1912 590 1946 the
607 1911 800 1954 preceding
818 1911 929 1950 letter.
948 1916 963 1951 §
983 1916 1013 1947 1.

248 1960 260 1976 ⁶
286 1956 401 1989 Aulus
417 1967 489 1990 was
505 1957 566 1989 the
582 1966 647 1988 son
664 1956 705 1988 os
721 1955 877 1989 Caecina
900 1957 941 1990 of
960 1957 1169 1992 Volaterrae
1187 1959 1225 1992 in
1242 1958 1399 1997 Etruria.

200 2010 223 2032 a
239 2011 322 2032 man
340 2000 387 2076 οἷ’)
392 2011 491 2033 some
508 2004 590 2033 note
607 2001 643 2032 in
659 1999 737 2032 that
754 1999 860 2033 home
877 2000 918 2033 of
933 2011 1076 2045 augury
1092 2001 1165 2035 and
1186 2001 1399 2043 divination.

199 2053 258 2076 see
273 2046 289 2082 ς
305 2046 326 2075 3
341 2055 362 2076 a
390 2055 467 2077 ove.

199 2099 275 2135 458
