1442 2392
689 137 893 177 CICERO

185 256 279 295 spes
291 243 345 282 ab
359 245 464 282 irato
478 243 494 282 ?
535 243 694 282 Eodem
707 256 730 281 e
742 242 860 282 fonte
875 256 919 282 se
933 242 1178 281 hausturum
1188 242 1395 295 intellegit

183 307 327 347 laudes
358 321 465 354 suas,
497 321 520 347 e
551 322 632 360 quo
662 311 717 347 sit
745 308 893 347 leviter
923 321 1125 359 aspersus.
1180 307 1395 347 Postremo

184 373 306 412 homo
337 374 455 412 valde
488 379 552 412 est
583 379 727 411 acutus
760 379 817 411 et'
833 373 1011 412 multum
1039 358 1265 424 providens⁴
1276 385 1287 419 ;
1333 374 1395 422 in÷

185 439 347 490 tellegit
376 444 434 484 te,
463 439 672 477 hominem
702 441 745 477 in
775 444 895 490 parte
928 438 1075 477 Italiae
1104 441 1272 477 minime
1300 451 1395 478 eon-

184 504 410 542 temnenda
424 503 544 542 facile
561 506 744 542 omnium
758 504 1055 542 nobilissimum
1071 509 1116 542 et
1130 506 1173 542 in
1187 491 1393 542 communi

182 569 393 620 republica
416 572 541 608 cuivis
566 583 817 608 summorum
841 575 940 608 tuae
965 572 1116 608 aetatis
1139 568 1206 607 vel
1227 571 1393 621 ingenio

182 635 248 673 vel
268 638 403 686 gratia
422 635 489 673 vel
506 634 619 673 fama
638 635 779 686 populi
799 635 974 674 Romani
992 647 1150 686 parem,
1170 647 1253 673 non
1272 646 1392 686 posse

182 700 389 752 prohiberi
431 699 642 752 republica
685 700 852 739 diutius.
906 700 1032 739 Nolet
1074 699 1152 738 hoc
1195 701 1392 751 temporis

182 768 320 817 potius
348 779 437 804 esse
464 765 684 817 aliquando
710 765 971 812 beneficium,
999 779 1124 817 quam
1149 767 1233 803 iam
1258 777 1391 804 suum.

123 835 164 870 10
185 831 283 869 Dixi
296 831 348 870 de
362 830 539 870 Caesare
553 843 563 877 ;
587 845 695 870 nunc
712 831 845 870 dicam
861 831 913 870 de
926 837 1161 882 temporum
1171 843 1391 883 rerumque

182 902 344 935 natura.
399 896 532 935 Nemo
565 902 630 935 est
661 902 749 935 tam
781 899 968 935 inimicus
1001 898 1039 934 ei
1072 908 1235 942 causae,
1267 907 1391 947 quam

182 961 401 1013 Pompeius
420 964 625 1000 animatus
644 962 790 1000 melius
809 975 935 1013 quam
951 967 1121 1013 paratus
1140 962 1391 1012 Susceperat‚

182 1030 252 1078 qui
282 1040 355 1066 nos
386 1027 514 1066 malos
545 1030 652 1066 cives
683 1027 834 1073 dicere,
865 1032 940 1065 aut
967 1026 1155 1066 homines
1185 1025 1391 1078 improbos

182 1092 348 1131 audeat.
389 1093 438 1130 In
451 1106 532 1144 quo
545 1093 736 1131 admirari
748 1092 859 1131 soleo
872 1094 1122 1144 gravitatem
1135 1097 1178 1130 et
1189 1093 1391 1131 iustitiam

183 1164 227 1196 et
251 1161 497 1209 sapientiam
522 1157 735 1203 Caesaris;
764 1171 990 1209 numquam
1019 1160 1096 1195 nisi
1123 1156 1391 1196 honorificen-

181 1226 338 1262 tissime
368 1223 610 1275 Pompeium
637 1223 834 1275 appellat.
900 1224 959 1261 At
987 1226 1030 1261 in
1059 1225 1146 1260 eius
1173 1234 1391 1274 personam

181 1289 313 1327 multa
325 1288 427 1327 fecit
442 1292 639 1340 asperius.
687 1290 906 1327 Armorum
925 1291 1006 1326 ista
1021 1293 1066 1326 et
1084 1289 1278 1327 victoriae
1293 1291 1391 1327 sunt

179 1353 305 1400 facta,
322 1367 405 1392 non
421 1353 619 1393 Caesaris.
674 1355 733 1392 At
749 1368 822 1392 nos
839 1345 1187 1405 quemadmodum
1203 1357 1268 1391 est
1283 1365 1391 1398 com-

180 1419 326 1470 plexus
345 1420 353 1458 l
389 1419 574 1458 Cassium
593 1421 669 1458 sibi
687 1419 842 1471 legavit
860 1432 870 1464 ;
903 1419 1078 1457 Brutum
1097 1417 1255 1463 Galliae
1273 1425 1390 1469 prae·

181 1484 294 1531 fecit,
320 1484 542 1536 Sulpicium
568 1485 795 1530 Graeciae;
838 1484 1095 1530 Marcellum,
1120 1486 1185 1522 cui
1210 1485 1389 1523 maxime

181 1551 463 1596 succensebat,
496 1564 590 1588 eum
623 1563 782 1588 summa
814 1550 919 1587 illius
953 1549 1158 1600 dignitate
1190 1550 1388 1589 restituit.

120 1621 158 1655 ll
181 1616 273 1663 Quo
305 1619 430 1667 igitur
460 1616 563 1654 haec
595 1616 819 1667 spectant?
874 1614 1027 1652 Rerum
1058 1614 1134 1652 hoc
1165 1619 1314 1652 natura
1345 1618 1388 1652 e't

180 1681 357 1719 civilium
392 1687 625 1732 temporum
658 1694 741 1719 non
772 1683 983 1732 patietur3
1031 1679 1279 1731 reipublicae
1312 1691 1388 1718 nec

237 1823 253 1839 ⁰
276 1818 342 1852 See
357 1821 440 1851 note
455 1830 484 1857 c,
506 1829 543 1861 p.
560 1820 639 1852 458.
1178 1837 1180 1840 .

233 1863 246 1883 ὓ
270 1862 291 1876 “
308 1862 450 1900 Caesar,
467 1862 629 1895 however
645 1861 771 1904 highly
787 1861 832 1895 he
847 1860 1022 1903 regarded
1036 1859 1102 1894 Cn.
1120 1859 1281 1902 Pompey
1300 1869 1341 1894 as
1358 1870 1381 1894 a

183 1907 319 1948 private
337 1917 434 1944 man,
453 1905 526 1938 had
543 1909 581 1939 to
599 1905 680 1938 deal
699 1905 783 1938 with
802 1905 877 1938 him
896 1903 1054 1946 severely
1072 1914 1112 1937 as
1130 1902 1249 1937 leader
1268 1903 1309 1936 of
1322 1903 1384 1938 the

183 1951 344 1991 opposite
354 1953 471 1992 party,
480 1960 567 1982 even
578 1950 690 1992 going
699 1959 738 1982 so
747 1948 804 1982 far
813 1959 853 1981 as
859 1951 896 1981 to
905 1947 1098 1981 confiscate
1108 1947 1163 1980 his
1174 1945 1384 1990 property.”

182 1992 334 2069 Tycrrgss
350 2038 395 2069 iv.
412 2039 447 2070 4.
465 2039 499 2070 3.

184 2087 262 2128 460
