1442 2392
672 154 875 194 CICERO

171 257 218 298 T.
243 258 391 310 Ampi;
437 260 586 305 vidisti,
612 274 734 311 quam
761 260 1022 300 abhorrerem
1048 262 1100 300 ab
1126 262 1239 301 Urbe
1263 261 1383 302 telin-¹

173 325 351 375 quenda.
406 324 527 372 Quod
551 339 643 381 qum
670 325 889 372 audissem,
914 340 1049 364 nonne
1075 328 1150 366 tibi
1174 328 1382 383 affirmavfl

173 387 331 438 quidvis
359 401 426 426 me
453 391 590 438 potius
619 402 922 439 perpessurum,
950 403 1074 441 quarn
1102 403 1153 428 ex
1182 390 1303 429 Italia
1328 388 1382 429 ad

173 452 326 491 bellum
344 453 460 491 civile
480 456 688 492 exiturum
706 454 720 491 ?
775 454 886 502 Quid
905 468 1002 506 ergo
1021 456 1183 502 accidit,
1201 469 1272 495 cur
1287 444 1383 495 con-

172 517 306 556 silium
334 519 573 556 mutarem?
629 519 775 557 Nonne
804 522 941 558 omnia
967 523 1119 571 potius,
1147 526 1195 559 ut
1221 523 1266 560 in
1291 533 1383 560 sen·

173 586 308 621 tentia
332 584 652 634 permanerem?
707 584 859 623 Credas
886 584 962 624 hoc
986 585 1086 624 mihi
1111 586 1247 632 velim,
1272 584 1383 637 quod

171 654 274 698 puto
305 654 350 687 te
382 652 633 695 existimare,
664 663 731 688 me
764 663 815 688 ex
847 649 908 689 his
939 653 1111 689 miseriis
1141 651 1242 689 nihil
1272 649 1382 689 aliud

173 727 386 765 quaerere,
412 716 489 753 nisi
514 721 562 753 ut
587 714 771 754 homines
798 715 1017 767 aliquando
1041 716 1290 768 intelligant,
1314 728 1381 755 me

174 779 273 817 nihil
290 779 495 826 maluisse,
513 794 638 832 quam
654 794 799 832 pacem
817 793 828 828 ;
861 794 911 819 ea
928 781 1162 832 desperata,
1179 780 1279 821 nihil
1295 783 1382 837 tam

173 843 342 896 fugisse,
371 858 496 896 quam
526 859 639 884 arma
668 846 813 884 civilia.
867 846 1000 886 Huius
1028 860 1097 886 me
1125 835 1382 886 constantiae

173 916 276 960 puto
289 909 377 949 fore
393 917 440 949 ut
455 925 680 962 numquam
694 914 922 962 poeniteat.
975 912 1144 951 Etenim
1157 914 1327 951 memini
1338 914 1384 951 in

174 975 250 1014 hoc
269 989 422 1027 genere
443 976 606 1028 gloriari
626 977 791 1015 solitum
812 990 901 1016 esse
920 976 1164 1017 familiarem
1182 983 1383 1032 nostrum,

174 1040 226 1088 Q.
259 1041 542 1088 Hortensium,
575 1043 686 1094 quod
718 1056 942 1094 numquam
975 1043 1084 1081 bello
1117 1042 1222 1082 civili
1255 1045 1382 1099 inter-7

172 1105 331 1145 fuisset.
385 1107 475 1146 Hoc
513 1114 652 1149 nostra
690 1107 777 1147 laus
817 1111 896 1147 erit
932 1108 1139 1155 illustrior,
1177 1106 1288 1160 quod
1323 1098 1380 1146 illi

172 1172 433 1211 tribuebatur
465 1176 667 1224 ignaviae,
701 1173 754 1212 de
786 1174 902 1212 nobis
933 1174 977 1212 id
1009 1176 1234 1213 existimari
1260 1185 1380 1224 posse

172 1251 254 1275 non
279 1238 466 1276 arbitror.
521 1238 608 1276 Nec
633 1252 699 1276 me
724 1241 805 1277 ista
829 1245 1003 1285 terrent,
1029 1252 1136 1291 quae
1160 1238 1262 1277 mihi
1286 1252 1311 1276 a
1334 1243 1379 1277 te

171 1302 224 1341 ad
270 1306 461 1341 timorem
508 1303 741 1342 fidelissime
789 1310 916 1355 atque
963 1307 1242 1343 amantissime
1287 1316 1380 1354 pro·-

170 1374 392 1419 ponuntur.
447 1369 568 1407 Nulla
614 1375 678 1407 est
724 1372 833 1407 enim
881 1370 1096 1416 acerbitas,
1142 1382 1249 1422 quae
1295 1380 1378 1407 non

170 1435 358 1473 omnibus
374 1433 451 1473 hac
467 1435 575 1473 orbis
592 1440 794 1473 terrarum
810 1435 1121 1486 perturbatione
1138 1433 1377 1486 impendere

170 1499 385 1545 videatur;
446 1513 570 1551 quam
616 1500 783 1551 quidem
829 1513 907 1552 ego
952 1514 977 1539 a
1021 1500 1231 1551 republica
1274 1502 1377 1538 meis

168 1567 337 1615 privatis
367 1570 412 1604 et
441 1565 675 1604 domesticis
704 1565 970 1604 incommodis
999 1565 1283 1611 libentissime,
1311 1563 1378 1603 vel

166 1631 255 1668 istis
272 1633 383 1681 ipsis,
401 1644 508 1682 quae
526 1637 573 1669 tu
590 1644 657 1669 me
675 1645 817 1669 mones
835 1637 882 1669 ut
899 1644 1080 1676 caveam,
1096 1631 1376 1669 redemissem.

169 1695 269 1733 Filio
291 1709 398 1741 meo,
421 1709 546 1747 quem
567 1697 644 1734 tibi
666 1710 805 1734 carum
828 1709 916 1734 esse
939 1696 1115 1748 gaudeo,
1137 1698 1170 1734 si
1193 1698 1272 1734 erit
1293 1693 1376 1733 ulla

168 1761 411 1811 respublica,
451 1765 550 1800 satis
593 1761 774 1812 amplum
814 1764 1106 1812 patrimonium
1146 1760 1375 1812 relinquam

168 1829 407 1865 memoriam
431 1829 604 1864 nominis
628 1829 737 1872 mei3
775 1829 837 1864 sin
862 1832 1002 1865 autem
1026 1826 1136 1864 nulla
1161 1828 1253 1871 erit,
1276 1823 1375 1863 nihil

213 2013 228 2028 ‘⁸
253 2009 334 2040 tuba
361 2008 442 2040 belli
467 2008 597 2046 civilis,
623 2008 644 2022 ‘⁸
661 2011 819 2050 trumpet
843 2010 885 2041 of
905 2009 985 2041 civil
1012 2008 1121 2046 war‚''
1147 2019 1186 2041 as
1212 2008 1322 2050 being
1347 2017 1371 2042 a

167 2051 301 2086 violent
316 2051 489 2085 advocate
506 2053 547 2084 of
561 2053 581 2065 ‘⁴
599 2062 644 2085 no
661 2054 897 2094 compromise
915 2052 1000 2086 with
1017 2051 1184 2086 Caesar.”

166 2112 242 2150 146
