1442 2392
663 139 866 180 CICERO

157 244 344 293 sequitur
367 242 481 289 illud,
506 248 555 281 ut
578 248 622 282 te
648 245 885 282 existimare
909 243 1047 291 velim,
1070 243 1171 283 mihi
1194 257 1372 296 magnae

158 325 280 351 curae
301 311 388 351 fore
410 319 537 365 atque
558 326 648 352 esse
668 316 765 361 iam,
785 317 962 365 primum
983 321 1032 353 ut
1050 318 1207 366 ipse-tu
1227 317 1372 367 tuique

158 395 314 428 omnes,
336 383 486 421 deinde
507 389 555 422 ut
576 386 703 422 etiam
723 383 870 435 reliqui
890 388 992 423 scire
1012 387 1185 436 possint,
1206 397 1274 424 me
1295 385 1372 424 tibi

160 465 249 491 esse
287 457 589 493 amicissimum.
644 454 766 502 Quod
801 456 949 506 quibus
986 454 1119 494 adhuc
1154 469 1237 494 non
1273 458 1372 494 satis

161 529 225 561 est
250 530 528 574 perspectum,
553 526 580 562 ii
607 524 706 562 mihi
732 524 839 563 nolle
865 528 1010 577 magis,
1036 539 1109 564 nos
1134 525 1211 564 hoc
1237 528 1372 564 animo

159 606 263 639 esse,
291 607 414 645 quam
442 608 523 632 non
549 595 792 646 intellegere
819 596 1024 635 videntur.
1078 595 1161 635 Sed
1186 595 1373 647 profecto

157 664 406 715 intellegent
423 677 433 710 ;
465 678 600 716 neque
619 669 728 703 enim
746 667 926 704 obscuris
943 670 1126 717 personis
1145 680 1221 705 nec
1238 669 1372 718 parvis

158 737 200 772 in
229 738 360 774 causis
388 749 453 774 res
485 742 647 787 agetur.
700 736 783 775 Sed
815 737 918 775 haec
951 738 1038 775 fieri
1072 738 1218 776 melius
1247 750 1372 789 quam

111 810 132 842 3
159 805 237 843 dici
268 812 341 844 aut
370 807 489 844 scribi
519 807 623 845 volo.
678 807 799 855 Quod
827 810 1022 846 itinerum
1051 821 1237 846 meorum
1265 810 1372 847 ratio

158 882 202 914 te
243 877 479 915 nonnullam
520 880 563 915 in
604 877 907 916 dubitationem
949 879 1112 917 videtur
1152 878 1371 927 adducere,

158 949 368 985 visurusne
394 960 462 985 me
488 950 541 986 sis
567 951 610 985 in
634 951 869 998 provincia3
910 962 961 987 ea
985 962 1050 987 res
1076 952 1133 988 sic
1158 962 1203 988 se
1229 949 1371 988 habet.

157 1016 346 1055 Brundisi
367 1031 461 1056 cum
481 1018 671 1070 loquerer
691 1033 784 1057 cum
807 1018 977 1065 Phania,
998 1019 1147 1058 liberto
1168 1025 1256 1066 tuo,
1277 1022 1371 1058 veni

157 1090 200 1125 in
225 1101 320 1126 eum
345 1102 591 1135 sermonem,
616 1095 664 1127 ut
688 1080 881 1135 dicerem,
906 1090 1084 1129 libenter
1106 1103 1174 1128 me
1200 1089 1254 1129 ad
1277 1103 1370 1129 eam

157 1164 320 1208 partem
351 1162 583 1209 provinciae
615 1163 792 1210 primum
825 1174 914 1198 esse
946 1167 1180 1207 venturum,
1212 1174 1294 1213 quo
1325 1166 1369 1200 te

157 1232 336 1267 maxime
359 1230 463 1267 velle
486 1231 719 1268 arbitrarer.
772 1230 887 1269 Tunc
907 1231 1007 1268 mihi
1028 1231 1096 1269 ille
1118 1231 1237 1277 dixit,
1258 1231 1369 1283 quod

157 1299 285 1337 classe
315 1306 362 1338 tu
391 1299 516 1338 velles
547 1300 763 1346 decedere,
792 1314 867 1352 per
895 1300 983 1339 fore
1014 1301 1369 1340 accommodatum

158 1370 248 1415 tibi,
285 1372 318 1407 si
356 1370 408 1408 ad
446 1370 599 1416 Sidam,
636 1374 886 1409 maritimam
922 1377 1086 1422 partem
1122 1373 1368 1423 provinciae,

156 1441 327 1477 navibus
341 1443 613 1479 accessissem.
672 1441 769 1479 Dixi
786 1455 852 1479 me
866 1454 955 1480 esse
967 1441 1174 1480 facturum
1188 1455 1198 1488 ;
1226 1444 1368 1494 itaque

157 1509 360 1556 fecissem,
406 1513 483 1549 nisi
528 1511 628 1549 mihi
675 1510 723 1550 L.
770 1511 933 1550 Clodius
981 1518 1121 1550 noster
1166 1511 1368 1563 Corcyrae

156 1580 342 1627 dixisset,
370 1583 538 1619 minime
567 1581 610 1619 id
639 1594 727 1620 esse
757 1581 1019 1628 faciendum3
1063 1587 1107 1620 te
1137 1581 1367 1621 Laodiceae

156 1649 244 1688 fore
288 1651 342 1690 ad
384 1664 524 1689 meum
569 1651 807 1690 adventum.
861 1652 964 1690 Erat
1006 1651 1051 1690 id
1092 1651 1193 1691 mihi
1235 1651 1367 1691 multo

156 1721 319 1760 brevius
356 1721 570 1773 multoque
608 1722 873 1768 commodius,
911 1735 1005 1760 cum
1041 1725 1285 1773 praesertim
1320 1727 1366 1761 te

107 1796 130 1828 4
155 1793 216 1829 ita
254 1791 376 1829 malle
415 1793 648 1830 arbitrarer.
701 1792 790 1830 Tua
827 1795 933 1831 ratio
970 1799 1118 1844 postea
1156 1798 1222 1832 e'st
1258 1806 1366 1844 com-

156 1868 330 1900 mutata.
387 1862 518 1908 Nunc,
537 1863 635 1914 quid
654 1863 739 1902 fieri
758 1866 899 1914 possit,
918 1869 966 1901 tu
983 1862 1174 1902 facillime
1191 1869 1365 1902 statues.

168 2035 183 2051 ‘¹
209 2032 237 2064 A
256 2033 327 2074 city
342 2032 382 2065 of
398 2032 623 2075 Pamphylia.
641 2044 687 2065 on
706 2032 765 2065 the
781 2036 892 2072 coast.
911 2033 966 2067 W.
984 2033 1025 2066 of
1039 2033 1099 2066 the
1116 2034 1208 2067 river
1225 2032 1353 2067 Melas.

169 2088 240 2123 178
