1442 2392
665 115 868 156 CICERO

734 272 800 310 ΧΑ

415 387 451 415 ν.
481 389 668 415 νΑΤιΝιυε
696 389 729 414 s.
757 389 797 415 n.
826 389 1016 415 cmmom
1043 388 1117 416 suo

658 491 766 513 Ani-c.
784 482 864 514 709.

117 576 134 611 1
216 571 257 611 S.
288 572 339 611 V.
371 573 418 612 B.
450 573 500 612 E.
532 573 582 612 E.
615 573 667 622 Q.
698 574 749 613 V.
802 573 868 613 De
902 574 1100 627 Dionysio
1131 580 1205 613 tuo
1236 573 1369 622 adhuc

165 635 264 673 nihil
285 639 440 674 extrico
458 649 468 682 ;
503 642 547 675 et
568 650 617 675 eo
636 639 784 683 minus,
805 637 915 688 quod
933 649 1002 675 me
1021 635 1148 688 frigus
1169 636 1369 675 Dalmati-

165 712 272 744 cum,
298 699 408 749 quod
431 699 540 737 illinc
565 701 700 745 eiecit,
726 702 852 738 etiam
876 698 942 737 hic
965 698 1255 751 refrigeravit,
1287 697 1371 737 Sed

165 766 308 798 tamen
320 775 403 799 non
416 761 626 808 desistam,
639 765 738 813 quin
750 761 864 800 illum
877 761 1096 814 aliquando
1109 774 1264 800 eruam.
1287 759 1370 799 Se'd

165 829 213 861 tu
239 826 375 861 omnia
400 823 500 861 mihi
525 824 628 862 dura
652 827 842 875 imperas.
896 823 962 862 De
989 823 1035 862 C.
1062 823 1209 863 Catilio
1233 825 1369 862 neseio

167 885 266 936 quid
295 885 347 924 ad
375 899 442 924 me
471 889 665 937 scripsisti
694 886 993 937 deprecationis
1021 886 1370 938 diligentissimae.

167 948 313 1000 Apage
340 954 384 987 te
410 962 503 987 cum
528 955 668 987 nostro
693 948 820 988 Sexto
846 948 1028 988 Servilio.
1081 948 1188 996 Nam
1211 947 1370 997 meherss

166 1010 256 1048 cule
294 1023 372 1062 ego
408 1024 572 1062 quoque
607 1011 722 1050 illum
758 1025 864 1050 amo.
917 1010 1000 1050 Sed
1034 1010 1265 1050 huiusmodi
1300 1023 1371 1050 vos

167 1072 352 1119 clientes,
369 1072 600 1112 huiusmodi
617 1087 759 1113 causas
775 1077 954 1125 recipitis
972 1074 988 1112 ?
1019 1073 1228 1112 hominem
1243 1086 1370 1114 unum

168 1138 350 1174 omnium
386 1136 723 1182 crudelissimum,
756 1140 825 1188 qui
859 1142 924 1175 tot
955 1139 1169 1188 ingenuos,
1199 1141 1372 1174 matres-

168 1197 351 1243 familias,
375 1201 481 1236 cives
508 1198 712 1237 Romanos
731 1199 893 1245 occidit,
913 1201 1097 1250 arripuit,
1115 1197 1370 1250 disperdidit,

168 1263 355 1311 regiones
372 1264 548 1299 vastavit
565 1262 580 1298 ?
612 1260 774 1307 Simius,
790 1275 872 1299 non
888 1264 1064 1300 semissis
1078 1260 1215 1307 homo,
1230 1265 1371 1299 contra

120 1327 143 1359 2
168 1335 236 1360 me
264 1336 377 1361 arma
403 1323 514 1369 tulit,
541 1329 586 1361 et
613 1336 708 1362 eum
735 1323 843 1362 bello
870 1326 973 1375 cepi.
1026 1323 1109 1362 Sed
1134 1329 1297 1378 tamen,
1314 1313 1370 1360 mi

170 1384 325 1431 Cicero,
363 1385 463 1437 quid
499 1385 635 1424 facere
672 1385 870 1437 poss’um?
924 1386 1088 1432 Omnia,
1124 1384 1372 1431 mehercule,

169 1450 303 1498 cupio,
315 1461 421 1499 quae
433 1454 480 1486 tu
492 1448 592 1486 mihi
602 1451 793 1499 imperas.
827 1448 969 1487 Meam
980 1447 1371 1487 animadversionem

170 1516 215 1548 et
234 1510 490 1561 supplicium,
511 1524 592 1562 quo
613 1524 756 1549 usurus
778 1524 890 1549 eram
909 1514 952 1548 in
972 1524 1082 1556 eum,
1101 1522 1226 1562 quem
1244 1512 1373 1561 cepis-

169 1585 271 1618 sem,
293 1575 461 1611 remitto
483 1574 558 1611 tibi
581 1579 625 1611 et
645 1573 844 1612 condono.
897 1573 1007 1621 Quid
1027 1572 1104 1611 illis
1125 1571 1371 1624 respondere

170 1647 350 1685 possum,
381 1638 450 1686 qui
487 1649 561 1674 sua
598 1636 706 1674 bona
734 1636 909 1686 direpta,
938 1648 1063 1674 naves
1100 1640 1372 1686 expugnatas,

170 1696 317 1735 fratres
347 1697 495 1736 liberos
524 1704 718 1748 parentes
748 1700 912 1744 occisos,
941 1700 1101 1736 actione
1129 1695 1374 1749 postulant?

221 1814 236 1829 ‘¹
260 1809 327 1842 See
344 1809 537 1852 preceding
554 1809 665 1843 letter.

223 1852 236 1872 ¹²
263 1852 455 1895 Probably,
480 1863 520 1886 as
546 1853 790 1895 Shuckburgh
817 1856 994 1895 suggests,
1020 1863 1067 1886 an
1092 1851 1152 1886 old
1179 1852 1373 1895 Pompeian

176 1896 295 1929 officer
312 1897 391 1930 who
407 1896 479 1929 had
496 1896 623 1930 turned
642 1898 766 1938 pirate.

224 1944 236 1960 ⁰
262 1939 426 1982 Nothing
442 1941 470 1973 is
487 1939 621 1973 known
637 1939 678 1973 of
692 1940 760 1973 this
778 1939 959 1973 Servilius.
1204 1979 1210 1982 ,
1277 1972 1279 1974 ,
1347 1973 1350 1977 ,

225 1982 239 2001 ‘⁷¹
264 1982 327 2021 Or,
353 1986 390 2016 to
414 1983 507 2025 keep
528 1983 588 2016 the
612 1983 697 2025 play
722 1994 820 2026 upon
844 1982 972 2021 words,
998 1982 1019 1997 ‘⁸
1035 1984 1096 2016 the
1120 1986 1292 2025 monkey,
1315 1982 1376 2015 the

177 2026 364 2058 miserable
380 2025 568 2069 flunkey.”

180 2083 256 2116 358
