1442 2392
692 141 895 181 CICERO

191 247 235 286 id
246 260 443 298 magnum
455 252 500 285 et
511 246 694 298 amplum
706 247 801 298 est),
814 247 887 285 sed
898 252 1036 285 totum
1047 253 1166 286 tuum
1179 260 1269 286 esse
1281 260 1397 294 onus,

192 317 392 369 perficies.
446 317 534 355 Nisi
554 316 661 355 forte
683 322 757 355 aut
777 319 819 354 in
840 319 1003 355 miseria
1023 320 1142 356 nimis
1163 317 1305 363 stulte,
1326 323 1399 374 aut

194 391 236 426 in
254 390 434 426 amicitia
451 390 571 426 nimis
589 388 853 439 impudenter
871 388 947 426 tibi
966 401 1068 426 onus
1086 390 1267 440 impono.
1317 387 1400 428 Sed

195 462 359 511 utrique
379 461 440 497 rei
461 461 769 497 excusationem
789 464 888 497 tuae
908 461 1018 497 vitae
1039 459 1292 498 consuetudo
1312 458 1399 498 dat:

196 530 303 568 Nam
322 529 433 581 quod
450 532 510 567 ita
528 532 733 567 consuesti
751 543 824 581 pro
844 531 982 568 amicis
1000 529 1200 576 laborare,
1219 543 1301 568 non
1318 532 1401 569 iam

196 603 252 639 sic
291 605 459 651 sperant
498 600 570 638 abs
609 605 668 647 te,
707 600 781 639 sed
821 603 948 638 etiam
986 603 1043 638 sic
1081 602 1288 651 imperant
1325 589 1400 640 tibi

196 670 430 709 familiares.
484 670 607 718 Quod
626 671 680 709 ad
699 671 848 709 librum
869 674 1035 716 attinet,
1057 684 1182 722 quem
1201 672 1277 710 tibi
1298 671 1402 710 filius

197 741 327 787 dabit,
349 747 448 793 peto
471 755 496 779 a
518 747 578 788 te,
599 755 653 780 ne
677 747 814 787 exeat,
837 747 910 779 aut
932 744 992 780 ita
1014 743 1205 793 corrigas,
1227 755 1280 780 ne
1303 741 1402 782 mihi

197 817 360 851 noceat.

749 916 852 954 VIII

481 1023 532 1051 M.
555 1023 698 1050 CICERO
726 1024 758 1051 S.
787 1024 828 1050 D.
855 1025 894 1050 A.
921 1024 1116 1051 CAECINAE

617 1106 767 1145 Romae,
784 1117 891 1140 A.u.c.
910 1109 989 1140 708.

161 1197 180 1233 1
251 1193 390 1241 Quum
418 1198 529 1232 esset
554 1206 718 1231 mecum
747 1192 918 1245 Largus,
946 1191 1068 1232 homo
1095 1195 1158 1232 tui
1185 1194 1404 1241 studiosus,

198 1264 373 1310 locutus,
410 1263 617 1302 Kalendas
653 1263 741 1302 Ian.
776 1264 852 1302 tibi
885 1264 1122 1315 praefinitas
1158 1277 1262 1311 esse,
1297 1265 1406 1316 quod

199 1334 387 1373 omnibus
405 1335 528 1372 rebus
547 1347 854 1385 perspexeram,
875 1347 982 1386 quae
1000 1334 1150 1373 Balbus
1172 1340 1216 1373 et
1235 1335 1407 1387 Oppius,

200 1405 374 1443 absente
393 1404 583 1450 Caesare,
603 1407 798 1456 egissent,
818 1418 868 1443 ea
885 1405 1015 1443 solere
1034 1405 1091 1443 illi
1108 1411 1200 1444 rata
1218 1419 1322 1452 esse,
1341 1409 1407 1459 egi

200 1475 469 1515 vehementer
501 1488 595 1513 cum
627 1475 703 1521 his,
737 1481 785 1514 ut
817 1475 893 1515 hoc
927 1475 1026 1514 mihi
1059 1476 1221 1522 darent,
1255 1477 1332 1516 tibi
1362 1479 1407 1515 in

201 1545 348 1591 Sicilia,
378 1545 514 1597 quoad
542 1546 752 1591 vellemus,
782 1559 872 1584 esse
901 1549 962 1584 uti
989 1546 1146 1585 liceret.
1200 1547 1282 1595 Qui
1308 1547 1406 1586 mihi

201 1621 467 1655 consuessent
489 1622 562 1654 aut
583 1616 760 1654 libenter
781 1616 975 1668 polliceri,
996 1620 1030 1655 si
1052 1617 1151 1668 quid
1173 1623 1283 1656 esset
1305 1620 1408 1658 eius-

201 1687 326 1732 modi,
349 1687 459 1738 quod
481 1700 622 1724 eorum
642 1690 799 1725 animos
820 1700 903 1725 non
924 1687 1166 1734 offenderet,
1187 1693 1261 1726 aut
1282 1691 1408 1731 etiam

203 1770 356 1809 negare
378 1762 422 1794 et
443 1756 587 1795 afferre
608 1760 826 1803 rationem,
847 1771 918 1795 cur
938 1764 1154 1810 negarent,
1176 1758 1269 1796 huic
1290 1772 1408 1798 meae

202 1830 403 1879 rogationi
430 1830 567 1878 potius
593 1841 675 1866 non
701 1831 894 1866 continuo
920 1829 1235 1879 responderunt,
1263 1828 1409 1868 eodem

203 1899 270 1937 die
288 1904 429 1936 tamen
446 1898 499 1936 ad
515 1911 581 1936 me
598 1904 858 1936 reverterunt
877 1911 887 1944 ;
919 1899 1018 1937 mihi
1034 1899 1110 1937 hoc
1127 1899 1346 1947 dederunt,
1363 1905 1410 1938 ut

692 2029 710 2047 ⁸
732 2025 776 2059 In
792 2025 914 2069 Sicily.

206 2088 285 2128 472
