1442 2392
719 133 922 174 CICERO

215 248 322 286 quae
350 249 503 287 magna
529 249 594 275 res
623 237 723 276 mihi
750 239 935 289 petenda
963 245 1089 286 esset,
1115 240 1424 280 contenderem.

214 292 349 331 Grave
394 299 458 332 est
501 297 611 332 enim
657 293 811 333 homini
860 296 1035 346 pudenti
1076 303 1224 348 petere
1270 297 1424 350 aliquid

211 363 408 401 magnum
434 351 487 389 ab
516 364 580 398 eo,
599 352 652 390 de
679 366 760 404 quo
785 367 830 392 se
855 354 963 392 bene
988 357 1183 394 meritum
1207 361 1351 407 putet,
1367 368 1420 394 ne

211 405 267 452 id,
296 408 407 458 quod
433 414 567 459 petat,
597 412 764 461 exigere
792 413 937 462 magiS,
966 425 1091 463 quam
1122 425 1268 465 rogare
1301 418 1369 452 et*
1373 415 1420 451 in

210 466 410 504 mercedis
429 470 580 517 potius,
600 481 725 518 quam
739 469 927 507 beneficii
945 469 1034 509 loco
1048 483 1265 510 numerare
1284 471 1421 510 videa-

212 526 293 560 tur.
346 522 429 562 Sed
449 527 546 575 quia
571 530 644 563 tua
669 527 712 563 in
736 539 803 564 me
824 526 890 564 vel
912 532 1011 565 nota
1036 529 1224 567 omnibus
1244 527 1342 570 vel'
1330 541 1420 579 ipsa

211 583 395 620 novitate
427 595 613 621 meorum
645 588 879 635 temporum
911 585 1132 625 clarissima
1164 592 1209 626 et
1239 589 1420 638 maxima

210 637 441 677 beneficia
455 644 720 688 exstiterunt,
766 648 912 694 estque
959 646 1083 682 animi
1126 646 1310 696 ingenui,
1354 645 1419 682 c'ui

209 695 386 734 multum
415 697 582 745 debeas,
611 699 747 738 eidem
766 700 987 751 plurimum
1008 700 1112 739 velle
1141 701 1308 749 debere,
1335 713 1419 740 non

210 751 409 800 dubitavi,
445 755 488 793 id
526 769 550 793 a
586 762 630 794 te
667 770 742 808 per
777 757 938 796 litteras
974 763 1134 809 petere,
1171 757 1282 811 quod
1312 755 1418 796 mihi

209 813 391 849 omnium
427 819 537 852 esset
571 817 797 853 maximum
831 818 1094 867 maximeque
1129 817 1417 854 necessarium.

210 866 356 919 Neque
389 873 498 908 enim
530 885 621 910 sum
652 874 821 919 veritus,
852 886 905 911 ne
936 876 1139 912 sustinere
1170 878 1246 912 tua
1275 874 1319 911 in
1347 885 1416 911 me

209 928 358 964 merita
395 928 460 965 vel
495 929 809 967 innumerabilia
845 943 927 968 non
960 944 1137 982 possem,
1168 944 1262 969 cum
1299 942 1416 981 prae-

208 985 351 1021 sertim
377 985 640 1032 confiderem,
666 987 820 1026 nullam
848 1000 937 1026 esse
964 991 1155 1039 gratiam,
1182 1001 1307 1055 quam
1333 999 1417 1025 non

209 1039 273 1077 vel
305 1054 452 1092 capere
485 1046 644 1082 animus
676 1058 792 1083 meus
824 1047 868 1083 in
899 1046 1150 1096 accipiendo,
1182 1044 1248 1083 vel
1278 1047 1322 1082 in
1352 1057 1416 1082 re-

207 1100 461 1138 munerando
491 1101 698 1140 cumulare
729 1108 856 1154 atque
884 1102 1088 1141 illustrare
1117 1108 1272 1154 posset.
1324 1101 1414 1153 Ego

206 1160 343 1194 omnia
355 1171 449 1196 mea
460 1159 610 1205 studia,
622 1173 787 1198 omnem
799 1174 981 1212 operam,
993 1175 1146 1207 curam,
1157 1160 1414 1206 industriam,

206 1217 514 1265 cogitationem,
546 1224 732 1255 mentem
764 1218 943 1270 denique
975 1232 1140 1257 omnem
1171 1221 1214 1256 in
1248 1217 1413 1256 Milonis

206 1273 420 1311 consulatu
458 1274 527 1312 fixi
566 1281 610 1313 et
646 1275 788 1322 locavi,
820 1279 1031 1328 statuique
1069 1279 1112 1314 in
1144 1289 1194 1314 eo
1231 1289 1298 1314 me
1330 1288 1411 1314 non

204 1331 322 1368 officii
360 1331 490 1370 solum
529 1331 723 1379 fructum,
762 1334 836 1372 sed
875 1337 1002 1372 etiam
1040 1335 1208 1385 pietatis
1246 1331 1412 1372 laud'em

205 1387 358 1426 debere
384 1402 598 1440 quaerere.
651 1390 798 1442 Neque
824 1404 921 1429 vero
946 1394 1136 1443 cuiquam
1162 1390 1339 1430 salutern
1365 1403 1412 1428 ac

204 1444 389 1485 fortunas
427 1461 520 1486 suas
557 1453 702 1486 tantae
740 1461 862 1487 curae
899 1447 1024 1487 fuisse
1062 1461 1258 1500 umquam
1294 1453 1411 1499 puto,

204 1510 385 1555 quantae
404 1504 503 1542 mihi
520 1508 574 1543 sit
591 1505 719 1544 honos
738 1508 838 1551 eius,
856 1508 898 1543 in
917 1520 998 1558 quo
1012 1509 1149 1544 omnia
1166 1518 1260 1544 mea
1276 1507 1412 1557 posita

204 1573 293 1599 esse
319 1561 494 1601 decrevi.
548 1562 655 1600 Huic
679 1569 723 1601 te
748 1577 875 1601 unum
900 1569 1019 1602 tanto
1044 1562 1282 1601 adiumento
1308 1575 1410 1609 esse,

244 1737 260 1753 ⁶
282 1733 339 1766 He
352 1733 460 1767 refers
475 1737 512 1766 to
528 1734 588 1767 the
600 1737 703 1776 great
718 1735 978 1777 opportunities
990 1746 1013 1768 a
1029 1745 1114 1767 man
1130 1734 1166 1767 in
1184 1734 1238 1768 his
1251 1725 1407 1797 position

202 1776 266 1809 has
283 1777 339 1810 for
354 1777 558 1819 eulogizing
573 1777 674 1811 those
689 1778 771 1811 who
786 1777 834 1811 do
850 1778 926 1811 him
941 1789 964 1811 a
978 1779 1122 1811 service.

251 1820 265 1839 ὸ
291 1821 316 1853 i.
319 1831 360 1859 e.,
429 1823 464 1854 in
492 1821 593 1854 Milo'
596 1832 612 1854 s
635 1822 838 1864 consulship
855 1821 876 1835 '⁹
906 1824 969 1855 not
998 1820 1020 1835 ‘⁸
1036 1822 1070 1854 in
1106 1820 1197 1854 Milo
1227 1820 1342 1854 himse

205 1862 259 1904 (vn
271 1874 308 1897 eo
319 1865 504 1897 consulatu
518 1868 580 1897 not
594 1865 633 1898 in
648 1865 811 1906 Milone).
859 1865 945 1898 This
957 1864 1088 1903 would,
1103 1864 1119 1897 Ι
1133 1863 1253 1904 think,
1265 1873 1407 1898 remove

204 1907 264 1940 the
280 1907 454 1950 difficulty
471 1919 510 1941 so
527 1919 637 1950 many
653 1911 930 1942 commentators
946 1907 1046 1942 find
1038 1919 1074 1941 m
1093 1908 1131 1941 in
1147 1919 1195 1941 eo.

250 1955 262 1971 ⁰
290 1950 391 1983 Milo'
393 1961 410 1984 s
443 1950 593 1985 election
623 1951 741 1985 would
781 1955 843 1984 not
881 1951 968 1994 only
1004 1951 1213 1993 strengthen
1251 1949 1387 1984 Cicero'
1388 1959 1406 1984 s

201 1995 368 2071 Eositjion,
402 1994 466 2028 but
495 1995 657 2028 enhance
689 1995 742 2028 his
781 1996 984 2038 reputation
1019 1994 1077 2028 for
1107 1994 1245 2039 loyalty
1275 1997 1314 2028 to
1350 1993 1406 2027 his

237 2047 291 2070 len
319 2048 335 2071 s
1379 2068 1382 2070 ,

209 2088 285 2128 106
