1442 2392
729 145 932 185 CICERO

230 254 351 297 enim,
375 257 423 290 ut
443 250 533 302 plus
555 250 742 289 additum
764 251 816 289 ad
837 253 1075 289 memoriam
1097 254 1269 291 nominis
1291 254 1431 298 nostri,

191 323 213 355 9
233 330 356 368 quam
399 316 614 367 demptum
656 316 708 354 de
755 315 921 354 fortuna
967 316 1187 355 videretur.
1239 317 1299 356 Te
1337 330 1433 357 vero

231 382 434 428 emoneo,1
464 395 557 419 cum
585 381 793 419 beneficiis
826 384 922 427 tuis,
951 387 1041 420 tum
1070 395 1208 421 amore
1239 385 1432 422 incitatus

231 461 338 493 meo,
371 452 418 485 ut
451 459 616 485 omnem
649 446 833 498 gloriam,
867 447 920 485 ad
953 460 1076 498 quam
1110 461 1135 486 a
1166 450 1344 499 pueritia
1373 439 1434 490 in*-

231 513 464 551 flammatus
500 511 628 558 fuisti,
665 514 775 550 omni
811 525 908 550 cura
944 518 1070 564 atque
1106 513 1307 552 industria
1340 527 1435 556 con·

230 591 418 629 sequare,
456 577 866 629 magnitudinemque
909 580 1034 616 animi
1075 580 1152 624 tui,
1190 592 1315 630 quam
1355 591 1434 632 ego

230 656 393 694 semper
425 656 514 680 sum
548 642 772 681 admiratus
805 655 1049 694 semperque
1083 646 1230 690 amavi,
1262 657 1315 682 ne
1347 657 1435 683 um-

231 722 355 760 quam
374 707 560 746 inflectas
579 710 819 759 cuiusquam
838 710 997 746 iniuria.
1053 708 1210 761 Magna
1229 715 1294 748 est
1307 708 1435 749 homi-

230 787 329 812 num
349 775 485 824 opinio
505 772 557 811 de
582 779 641 818 te,
660 786 812 824 magna
837 773 1139 813 commendatio
1164 774 1435 822 liberalitatis,

230 852 381 890 magna
396 840 594 876 memoria
610 838 844 877 consulatus
860 841 936 877 tui.
990 838 1106 878 Haec
1121 838 1306 891 profecto
1322 840 1435 880 vides

231 910 386 955 quanto
434 906 702 954 expressiora,
749 909 987 955 quantoque
1033 904 1251 943 illustriora
1296 904 1436 944 futura

231 972 328 1015 sint,
347 983 440 1007 cum
464 968 721 1020 aliquantum
745 982 797 1007 ex
820 971 1027 1020 provincia
1046 975 1173 1022 atque
1193 983 1246 1008 ex
1265 973 1436 1023 imperio

231 1034 361 1072 laudis
398 1036 628 1072 accesserit.
683 1034 944 1086 Quamquam
978 1040 1023 1073 te
1057 1037 1118 1074 ita
1152 1048 1296 1087 gerere
1332 1035 1437 1083 volo,

232 1113 337 1151 quae
365 1112 439 1150 per
466 1101 693 1137 exercitum
721 1105 847 1150 atque
875 1101 1092 1151 imperium
1117 1100 1300 1153 gerenda
1326 1107 1437 1148 sunt,

230 1170 278 1203 ut
308 1165 410 1203 haec
437 1164 568 1202 multo
603 1170 701 1203 ante
734 1164 952 1211 meditere,
981 1165 1060 1204 huc
1093 1170 1138 1204 te
1171 1179 1305 1217 pares,
1334 1165 1437 1207 haec

232 1233 403 1281 cogites,
418 1229 471 1268 ad
483 1229 586 1267 haec
601 1235 644 1268 te
661 1243 867 1276 exerceas,
880 1233 1115 1282 sentiasque
1129 1231 1188 1283 (id
1202 1232 1327 1283 quod,
1341 1235 1437 1284 quia

231 1308 393 1346 semper
413 1297 599 1346 sperasti,
620 1308 701 1332 non
724 1295 868 1333 dubito
888 1298 987 1346 quin
1006 1295 1181 1347 adeptus
1200 1296 1436 1351 intelligas),

231 1366 275 1399 te
290 1359 480 1398 facillime
495 1373 614 1411 posse
631 1361 817 1399 obtinere
833 1374 1038 1399 summum
1053 1367 1179 1413 atque
1195 1361 1436 1402 altissimum

231 1425 405 1477 gradum
430 1427 620 1464 civitatis.
675 1425 792 1474 Quae
819 1426 986 1477 quidem
1011 1439 1105 1465 mea
1129 1426 1358 1467 cohortatio
1382 1441 1435 1468 ne

230 1492 307 1529 tibi
330 1493 461 1529 inanis
485 1496 558 1529 aut
582 1493 668 1528 sine
693 1504 816 1529 causa
839 1497 1031 1543 suscepta
1053 1492 1255 1538 videatur,
1278 1492 1347 1531 illa
1367 1506 1436 1533 me

230 1558 336 1594 ratio
368 1558 510 1601 movit,
542 1561 590 1594 ut
621 1562 665 1594 te
699 1569 751 1594 ex
784 1559 930 1594 nostris
963 1559 1122 1595 eventis
1154 1559 1436 1598 communibus

231 1621 536 1659 admonendum
582 1626 787 1671 putarem,
825 1627 874 1660 ut
911 1622 1201 1669 considerares,
1238 1625 1282 1661 in
1327 1626 1438 1662 omni

175 1692 215 1724 10
234 1685 391 1737 reliqua
419 1688 518 1732 vita,
547 1686 694 1737 quibus
723 1686 925 1733 crederes,
953 1700 1055 1739 quos
1083 1701 1262 1727 cavereS.
1316 1688 1438 1738 Quod

232 1751 370 1789 scribis
408 1756 452 1789 te
489 1750 592 1789 velle
630 1754 747 1797 scire,
785 1754 854 1803 qui
897 1754 950 1790 sit
985 1752 1232 1803 reipublicae
1275 1759 1437 1802 status3

231 1829 390 1854 summa
426 1816 623 1854 dissensio
659 1822 737 1862 est,
773 1817 846 1855 sed
881 1820 1091 1856 contentio
1126 1817 1276 1869 dispar.
1331 1818 1437 1858 Nam

587 1910 599 1930 ¹
624 1920 727 1944 uss:
752 1922 821 1954 ego
838 1923 967 1945 moneo
982 1912 1092 1946 Kock.

403 1987 1433 1997 ———.-—-—-—-—-——-.——..-—.-

389 2031 406 2048 ⁰
429 2027 484 2060 i.e.
503 2038 542 2060 as
559 2027 643 2070 they
662 2027 778 2060 would
797 2027 902 2061 affect
919 2028 973 2062 his
990 2040 1069 2062 own
1086 2033 1281 2073 prospects.

235 2078 285 2118 86
