1442 2392
113 791 154 824 10

682 172 885 212 CICERO

180 286 351 333 questus
385 285 450 318 est
481 282 688 332 graviter·
679 308 689 325 ,
737 292 812 317 sua
844 281 994 317 merita
1025 280 1387 324 οοωιῑιθῐῐιοτενίἐς

179 344 280 395 quid
308 346 462 395 egisset
488 345 725 393 saepissime
754 341 806 380 de
836 344 937 380 actis
966 341 1166 380 Caesaris
1178 354 1272 380 cum
1298 335 1387 396 ipso

179 420 273 445 meo
307 405 450 450 fratre,
486 405 666 457 quidque
702 404 778 442 sibi
813 407 846 442 is
882 404 935 443 de
970 417 1038 442 me
1071 406 1310 455 recepisset,
1344 405 1387 442 in

179 471 420 507 memoriam
458 468 649 519 redegit3
702 480 844 519 seque,
884 480 991 519 quae
1030 467 1083 505 de
1121 479 1217 506 mea
1253 465 1387 507 salute

181 535 348 584 egisset,
393 530 606 569 voluntate
652 530 836 568 Caesaris
881 533 1028 582 egisse,
1070 532 1206 585 ipsum
1247 527 1388 569 meum

180 594 352 633 fratrem
379 599 560 632 testatus
588 599 681 638 est;
723 596 837 631 cuius
865 606 1030 631 causam
1057 593 1388 645 dignitatemque

180 657 280 696 mihi
304 663 352 696 ut
374 656 698 702 commendaret,
719 658 894 707 rogavit,
917 661 965 694 ut
987 669 1080 694 eam
1102 668 1156 694 ne
1178 668 1389 708 oppugna*

181 734 283 766 rem,
305 723 337 758 si
359 719 510 758 nollem
532 725 605 757 aut
625 732 707 757 non
727 731 890 770 possem
911 721 1033 757 tueri.
1086 717 1202 756 Haec
1222 731 1316 757 cum
1335 718 1390 758 ud

180 796 248 821 me
271 782 400 821 frater
422 782 675 834 pertulisset,
699 787 744 820 et
766 795 859 820 cum
883 787 982 820 ante
1005 787 1148 820 tamen
1172 780 1390 844 Pompeius

182 846 235 884 ad
252 859 319 884 me
337 859 430 884 cum
447 845 653 883 mandatis
670 843 893 882 Vibullium
910 847 1101 890 misisset,
1118 850 1166 883 ut
1181 839 1390 896 integrum

181 908 281 947 mihi
311 908 363 947 de
393 921 516 946 causa
539 907 750 959 Campana
778 907 831 945 ad
860 921 980 945 suum
1001 907 1182 946 reditum
1210 920 1391 946 reserva-

181 985 284 1017 rem„
325 970 470 1022 collegi
497 973 585 1021 ipse
618 983 700 1016 me,
728 975 773 1008 et
799 983 892 1008 cum
919 972 1008 1020 ipsa
1034 972 1150 1021 quasi
1182 964 1392 1021 republica

182 1034 405 1072 collocutus
429 1047 533 1078 sum,
558 1039 606 1071 ut
629 1032 742 1078 mihi,
767 1038 854 1071 tam
878 1032 1010 1071 multa
1031 1046 1106 1084 pro
1129 1045 1174 1071 se
1196 1045 1392 1084 perpesso

183 1103 310 1148 atque
355 1095 587 1147 perfuncto,
633 1095 893 1141 concederet,
940 1100 988 1134 ut
1032 1095 1208 1134 officium
1252 1108 1392 1134 meum

183 1172 492 1210 memoremque
530 1161 572 1196 in
611 1158 718 1196 bene
757 1161 925 1196 meritos
965 1161 1146 1196 animum
1185 1157 1392 1211 fidemque

183 1221 320 1260 fratris
340 1224 421 1260 mei
441 1227 710 1272 praestarem,
731 1234 924 1272 eumque,
945 1234 1068 1272 quem
1089 1221 1243 1259 bonum
1262 1224 1392 1261 civem

183 1298 346 1335 semper
369 1284 594 1330 habuisset,
617 1284 771 1322 bonum
794 1286 925 1321 virum
949 1296 1038 1322 esse
1060 1289 1290 1335 pateretur,
1343 1283 1393 1323 In

184 1347 260 1386 illis
293 1353 435 1386 autem
466 1350 568 1385 meis
601 1347 828 1385 actionibus
860 1349 1160 1398 sententiisque
1181 1343 1394 1395 omnibu&

185 1423 291 1462 quae
339 1409 581 1460 Pompeium
628 1409 874 1447 videbantur
920 1408 1142 1456 offendere,
1188 1415 1394 1453 certorum

184 1473 409 1518 hominum,
427 1485 529 1524 quos
546 1475 629 1510 iam
646 1472 774 1510 debes
792 1475 1000 1523 suspicari,
1018 1485 1226 1511 sermones
1243 1472 1395 1512 refere-

184 1537 336 1574 bantur
361 1535 414 1573 ad
437 1548 505 1573 me
523 1548 533 1574 ε
573 1538 643 1587 qui
667 1548 761 1573 cum
784 1534 854 1572 illa
878 1537 1081 1573 sentirent
1103 1537 1147 1573 in
1170 1535 1394 1586 republica,

186 1611 293 1651 quae
318 1611 396 1650 ego
419 1598 609 1650 agebam,
633 1611 877 1649 semperque
901 1600 1138 1643 sensissent,
1162 1611 1228 1636 me
1251 1603 1395 1638 tamen

186 1674 268 1700 non
285 1659 521 1699 satisfacere
541 1660 736 1711 Pompeio
755 1660 1056 1712 Caesaremque
1074 1663 1395 1700 inimicissimum

188 1723 288 1762 mihi
316 1722 515 1769 futurum,
545 1723 726 1775 gaudere
756 1736 800 1762 se
829 1723 1010 1762 aiebant.
1062 1723 1165 1762 Erat
1193 1722 1269 1762 hoc
1296 1723 1395 1764 mihi

187 1786 439 1825 dolendum:
482 1786 555 1824 sed
588 1785 719 1824 multo
751 1785 852 1824 illud
878 1788 1023 1838 magis,
1051 1786 1162 1838 quod
1188 1789 1396 1827 inimicum

187 1862 327 1887 meum
344 1849 500 1900 (meum
517 1854 658 1887 autem
677 1849 692 1887 ?
722 1851 848 1887 immo
863 1862 960 1887 vero
974 1849 1128 1900 legum,
1142 1849 1397 1898 iudiciorum,

241 1982 255 1997 ¹¹
283 1978 322 2011 L.
344 1977 524 2011 Vibullius
544 1977 673 2017 Rufus,
692 1977 772 2010 who
790 1977 998 2011 afterwards
1015 1976 1138 2011 served
1156 1988 1196 2011 as
1213 1988 1261 2011 an
1279 1977 1396 2014 offioer

193 2021 308 2055 unde1
329 2021 489 2064 Pompey
506 2023 650 2072 against
667 2022 810 2054 Caesar.

243 2065 256 2086 θ
279 2064 355 2097 'lhe
371 2068 527 2098 extreme
543 2066 741 2109 optimates,
759 2064 839 2098 who
855 2075 945 2098 were
955 2063 1095 2107 jealous
1111 2064 1152 2097 of
1164 2064 1299 2100 Cicero.

196 2116 247 2156 56
