1442 2392
683 96 887 135 CICERO

179 205 347 252 statque
369 201 425 247 id,
447 201 557 252 quod
579 201 676 239 mihi
699 201 939 239 ostenderas
961 201 1206 252 quibusdam
1226 200 1388 250 litteus,

181 276 257 315 hoc
289 283 332 315 te
364 277 650 316 studiosiorem
681 280 725 315 in
756 291 823 316 me
855 277 1027 316 colendo
1058 276 1160 324 fore,
1192 290 1317 341 quarn
1345 279 1390 317 in

180 356 387 403 provincia
417 353 562 392 fuisses
596 354 706 406 (etsi,
736 367 831 392 meo
862 354 1026 400 iudicio,
1055 353 1158 393 nihil
1187 353 1242 393 ad
1270 337 1390 393 tuum

180 429 426 479 provinciale
457 430 632 468 officium
666 430 761 468 addi
790 430 948 482 potest)
980 443 1063 482 quo
1091 429 1258 469 liberius
1287 430 1390 469 iudi

181 507 288 543 cium
308 519 397 544 esse
415 513 557 557 posset
574 512 708 545 tuum.
762 506 912 557 Itaque
930 520 998 544 me
1018 512 1063 546 et
1079 501 1309 559 superiores
1323 499 1391 553 lit-

182 587 298 620 terae
348 588 447 621 tuae
498 583 721 621 admodum
771 582 1098 630 delectaverunt,
1149 584 1316 635 quibus¹-
1346 588 1390 622 et

183 664 470 709 exspectatum
494 672 633 697 meum
658 659 883 698 adventum
907 660 979 698 abs
1002 665 1047 698 te
1071 655 1261 699 amanter'
1281 655 1391 715 vide-

183 735 294 781 bam,
329 741 386 781 et,
415 749 508 774 cum
538 735 658 774 aliter
686 749 751 774 res
787 735 1004 775 cecidisset
1035 749 1082 774 ac
1112 718 1391 787 putasses3⁴⁴te

183 824 277 849 meo
302 812 468 850 consilio
495 825 647 864 magno
675 824 800 863 opere
827 825 916 850 esse
933 812 1161 860 laetatum3
1196 818 1242 851 et
1261 811 1391 858 exvhis

182 889 376 938 proximis
403 887 552 926 litteris
579 901 777 939 magnum
803 891 894 939 cepi
921 887 1101 927 fructum
1128 894 1174 927 et
1198 884 1393 927 iudioi‘et

182 963 285 1001 offici
311 966 401 1009 tui3
440 964 578 1009 iudici,
604 964 716 1015 quod
739 964 937 1016 intellego
962 969 1022 1010 te,
1046 964 1091 1002 id
1115 964 1226 1016 quod
1251 976 1392 1003 omnes

183 1039 311 1078 fortes
338 1053 385 1078 ac
410 1040 507 1078 boni
534 1043 606 1078 viri
631 1039 768 1078 facere
795 1040 966 1086 debent,
992 1039 1092 1078 nihil
1115 1045 1266 1092 putare
1291 1032 1393 1080 utile

185 1129 289 1163 esse,
306 1119 383 1154 nisi
403 1117 513 1168 quod
535 1122 696 1155 rectum
713 1116 1016 1168 honestumque
1036 1119 1090 1156 sit
1108 1129 1118 1162 ;
1148 1117 1267 1164 offici,
1283 1116 1392 1168 quod

183 1198 228 1232 te
257 1206 434 1239 mecum,
463 1193 752 1244 quodcumque
781 1196 981 1243 cepissem
1011 1193 1165 1239 consili,
1192 1193 1393 1244 polliceris

184 1268 271 1308 fore
290 1283 299 1315 3
330 1283 411 1321 quo
427 1283 563 1322 neque
579 1269 678 1307 mihi
693 1272 865 1320 gratius,
882 1283 1032 1321 neque,
1048 1275 1096 1308 ut
1112 1283 1190 1322 ego
1206 1256 1393 1317 arbittoiss,

184 1346 261 1383 tibi
300 1345 511 1383 honestius
552 1358 642 1383 esse
682 1345 907 1396 quidquam
946 1351 1101 1396 potest.
1156 1345 1262 1383 Mihi
1300 1357 1395 1384 con-

184 1421 317 1459 silium
344 1427 512 1472 captum
538 1421 692 1459 iamdiu
720 1426 812 1467 est;
853 1420 905 1459 de
933 1434 1014 1473 quo
1041 1421 1095 1460 ad
1120 1427 1179 1468 te,
1205 1434 1287 1460 non
1313 1426 1395 1474 qu'o

184 1497 378 1536 celandus
413 1510 537 1543 esses,
571 1497 671 1534 nihil
704 1499 844 1547 scripsi
878 1503 1017 1543 antea,
1051 1497 1125 1536 sed
1158 1499 1255 1549 quia
1287 1510 1396 1537 com-

184 1576 407 1612 municatio
440 1573 579 1611 consili
611 1573 685 1612 tali
718 1578 905 1624 tempore
939 1575 1056 1624 quasi
1088 1574 1293 1625 quaedam
1325 1573 1396 1613 ad-

183 1652 356 1688 monitio
380 1649 544 1687 videtur
568 1662 658 1687 esse
683 1649 800 1695 offici,
826 1649 891 1687 vel
914 1652 1052 1699 potius
1076 1648 1317 1701 efflagitatio
1341 1649 1395 1688 ad

183 1726 412 1764 coeundam
436 1727 680 1763 societatem
704 1724 769 1763 vel
792 1724 962 1775 periculi
986 1724 1052 1763 vel
1073 1724 1237 1764 laboris.
1290 1724 1394 1764 Cum

184 1815 280 1840 vero
296 1815 345 1840 ea
359 1807 434 1839 tua
447 1804 502 1839 sit
515 1801 718 1846 voluntas,
732 1800 981 1846 humanitas,
992 1801 1282 1839 benevolentia
1296 1814 1395 1853 erga

185 1891 266 1923 me,
286 1877 465 1916 libenter
485 1877 711 1927 amplector
731 1876 858 1915 talem
881 1879 1087 1923 animum3
1121 1877 1196 1916 sed
1215 1879 1276 1915 ita
1295 1876 1395 1928 (non

185 1957 295 1992 enim
312 1954 519 1992 dimittam
536 1952 736 2004 pudorem
752 1954 796 1990 in
811 1952 994 2004 rogando
1011 1951 1182 2005 meum),
1198 1955 1232 1991 si
1248 1951 1394 1991 feceris

194 2053 269 2088 404
