1442 2392
702 146 905 186 CICERO

202 254 350 287 senatu
392 255 436 287 et
477 249 661 287 ordinem
703 253 1076 289 coniunctissimum
1117 256 1162 290 et
1201 250 1407 306 hominem

161 316 183 348 5
202 311 468 350 clarissimum
511 312 811 351 abalienarunt.
882 313 964 351 Sed
1010 319 1058 352 ut
1100 313 1153 352 ad
1199 326 1264 360 ea,
1301 308 1407 366 quae

200 376 477 413 coniunctiora
511 375 634 413 rebus
670 378 752 414 tuis
788 381 897 421 sunt,
933 381 1130 423 revertar,
1166 375 1407 428 Pompeium

201 437 275 474 tibi
313 436 431 475 valde
469 440 643 475 amicum
682 451 770 476 esse
807 441 1006 490 eognovi3
1058 453 1108 478 eo
1143 445 1192 478 tu
1227 438 1406 494 consule,

200 505 402 549 quantum
419 513 497 552 ego
513 503 727 551 perspicio,
744 503 893 547 omnia,
911 515 1017 553 quae
1036 501 1158 548 voles,
1174 502 1379 541 obtinebis
1395 514 1407 549 ;

200 563 347 612 quibus
368 564 409 600 in
430 563 553 601 rebus
575 577 641 601 me
672 564 747 602 sibi
776 563 842 601 ille
873 565 1038 603 affixum
1060 564 1244 612 habebit,
1271 576 1407 617 neque

199 638 223 662 a
236 638 302 662 me
316 624 398 663 ulla
410 639 489 670 res,
498 639 603 677 quae
619 626 671 664 ad
684 632 726 664 te
740 629 962 677 pertineat,
971 627 1229 679 neglegetur.
1261 627 1407 681 Neque

201 689 310 725 enim
330 688 514 733 verebor,
534 701 585 726 ne
607 691 682 726 sim
702 692 739 726 ei
759 688 969 736 molestus,
989 692 1054 728 cui
1072 690 1295 729 iucundum
1314 693 1407 738 erit,

199 752 325 787 etiam
368 756 537 802 propter
576 765 619 789 se
668 754 815 802 ipsum,
855 752 965 790 cum1
1003 766 1070 791 me
1114 766 1204 792 esse
1241 746 1407 806 gratum

147 817 168 849 6
197 812 366 851 videbit.
442 813 503 851 Tu
552 814 674 852 velim
721 815 797 852 tibi
839 817 899 853 ita
944 815 1207 867 persuadeas,
1254 815 1407 856 nullam

197 888 285 913 rem
307 889 396 914 esse
418 878 645 922 minimam,
667 891 773 928 quae
796 877 849 915 ad
870 883 914 916 te
935 881 1158 929 pertineat,
1180 892 1286 930 quae
1308 878 1407 918 mihi

199 951 281 976 non
308 941 436 977 carior
462 941 529 984 sit,
557 953 681 991 quam
707 953 826 978 meae
852 954 917 978 res
944 955 1100 980 omnes.
1156 941 1287 993 quue
1313 955 1407 982 cum

198 1003 388 1047 sentiam,
410 1001 632 1040 sedulitate
653 1002 843 1041 mihimet
862 1005 949 1054 ipse
971 1002 1206 1043 satisfacere
1227 1018 1407 1056 possum,

197 1075 241 1100 re
261 1063 429 1114 quidem
447 1066 537 1115 ipsa
554 1064 648 1102 ideo
666 1065 766 1102 mihi
785 1078 867 1103 non
885 1065 1104 1112 satisfacio,
1124 1067 1234 1118 quod
1252 1066 1407 1106 nullam

198 1131 359 1176 partem
402 1132 566 1164 tuorum
609 1130 848 1165 meritorum
889 1142 970 1166 non
1012 1129 1134 1167 modo
1175 1128 1407 1186 referenda,

197 1188 270 1226 sed
298 1202 350 1226 ne
383 1189 603 1241 cogitanda
632 1190 799 1241 quidem
833 1193 967 1242 gratia
1000 1194 1194 1244 consequi
1227 1190 1407 1244 possum'.

157 1257 175 1287 7
198 1250 298 1288 Rem
326 1257 367 1289 te
392 1251 511 1290 valde
535 1253 643 1291 bene
666 1255 840 1304 gessisse
863 1267 1001 1292 rumor
1025 1260 1127 1293 erat.
1181 1255 1407 1309 Exspecta-

196 1314 346 1352 bantur
380 1314 547 1352 litterae
581 1321 695 1361 tuae,
730 1316 781 1354 de
818 1317 965 1367 quibus
1001 1317 1162 1355 eramus
1195 1319 1279 1356 iam
1312 1331 1406 1357 cum

198 1375 395 1427 Pompeio
433 1376 587 1423 locuti;
642 1391 748 1429 quae
787 1380 820 1416 si
859 1385 980 1417 erunt
1019 1379 1183 1425 allatae,
1221 1386 1406 1435 nostrum

199 1438 380 1477 studium
414 1440 596 1478 exstabit
627 1443 669 1478 in
701 1441 989 1479 conveniendis
1021 1442 1330 1493 magistratibus
1361 1447 1407 1482 'et

198 1502 467 1540 senatoribus.
523 1502 687 1548 Cetera,
715 1517 821 1554 quae
851 1504 903 1542 ad
930 1510 974 1542 te
1001 1505 1285 1555 pertinebunt,
1312 1515 1405 1544 eum

198 1566 324 1602 etiam
355 1564 445 1615 plus
479 1566 825 1611 contenderimus,
857 1580 981 1618 quam
1012 1580 1240 1618 possumus,
1271 1570 1405 1606 minus

197 1632 339 1665 tamen
357 1626 569 1673 faciemus,
589 1641 713 1679 quam
732 1629 944 1667 debemus.

245 1714 258 1734 ¹
273 1714 368 1790 dThis
392 1715 424 1748 is
450 1714 620 1757 Tyrrell's
645 1716 816 1757 readiny:
842 1716 958 1750 Nobbo
976 1717 1038 1750 kas
1057 1720 1202 1760 propter
1221 1717 1257 1751 id
1273 1718 1405 1761 ipsm.

199 1767 272 1800 quo
300 1781 309 1790 .

327 1896 345 1914 ⁰
366 1892 442 1926 The
459 1894 663 1935 equestrian
681 1893 808 1931 order:
841 1894 901 1927 the
917 1904 1045 1937 person
1064 1894 1093 1928 is
1111 1893 1284 1939 Pompey.

200 2115 252 2149 44
