1442 2392
694 146 897 188 CICERO

192 251 230 289 A
247 257 291 289 te
308 265 404 290 vero
415 253 477 290 bis
489 258 605 291 terve
621 267 840 299 summum,
853 259 897 292 et
914 266 983 292 eas
994 253 1229 304 perbreves,
1246 248 1398 304 accepi.

192 316 344 364 Quare,
362 320 395 356 si
411 320 573 369 iniquus
592 331 635 356 es
652 321 695 356 in
711 332 778 356 me
795 319 935 364 iudex,
952 319 1235 357 condemnabo
1252 317 1400 357 eodem

193 395 270 433 ego
303 388 347 421 te
381 386 548 421 crimine
567 397 576 429 ;
624 386 686 421 sin
719 397 786 422 me
799 384 862 422 ‘id
893 383 1030 422 facere
1062 384 1191 430 noles,
1223 389 1268 422 te
1300 382 1399 422 mihi

191 460 370 498 aequum
388 449 588 498 praebere
609 448 793 488 debebis.
845 448 929 488 Sed
947 449 999 488 de
1018 449 1167 488 litteris
1185 448 1399 488 hactenus.

193 512 286 551 Non
302 516 412 551 enim
428 527 585 560 vereor,
602 527 654 552 ne
671 528 754 552 non
770 515 984 553 scribendo
1000 521 1044 554 te
1062 514 1266 566 expleam,
1282 526 1400 565 prae-

191 581 333 616 sertim
346 581 432 616 siin
445 592 495 617 eo
506 592 659 630 genere
672 580 855 618 studium
866 593 1005 618 meum
1017 593 1099 618 non
1111 580 1399 631 aspernabere.

192 643 282 694 Ego
303 649 347 682 te
369 643 548 682 abfuisse
569 645 729 683 tamdiu
750 659 774 683 a
794 646 925 691 nobis,
947 651 991 684 et
1011 645 1136 692 dolui,
1157 644 1269 697 quod
1287 639 1399 684 carui

191 707 328 747 fructu
355 710 669 748 iucundissimae
697 711 1018 757 consuetudinis,
1045 716 1090 750 et
1115 710 1262 757 laetor,
1289 709 1399 762 quod

192 774 339 812 absens
364 778 500 812 omnia
524 789 617 814 cum
641 779 821 814 maxima
845 776 1049 828 dignitate
1075 789 1118 815 es
1142 781 1399 822 consecutus,

191 839 384 891 quodque
407 843 450 878 in
472 842 660 879 omnibus
683 844 764 880 tuis
786 843 909 880 rebus
931 845 1034 880 meis
1057 844 1210 892 optatis
1233 840 1399 880 fortuna

190 905 416 955 respondit.
468 905 598 944 Breve
619 912 697 952 est,
716 907 827 958 quod
845 920 912 945 me
931 908 1008 946 tibi
1026 909 1263 958 praecipere
1281 919 1398 945 meus

190 970 436 1009 incredibilis
457 974 500 1008 in
521 977 565 1010 te
588 985 702 1010 amor
722 975 847 1023 cogit.
898 972 1034 1011 Tanta
1055 978 1121 1011 est
1142 974 1398 1023 exspectatio

191 1035 256 1073 vel
270 1038 394 1073 animi
409 1036 472 1074 vel
488 1039 627 1088 ingeni
642 1040 718 1083 tui,
733 1043 781 1076 ut
796 1050 873 1089 ego
888 1043 932 1076 te
952 1038 1166 1076 obsecrare
1181 1037 1398 1076 obtestari-

191 1113 271 1151 que
299 1114 382 1139 non
410 1101 612 1148 dubitem,
630 1105 686 1140 sic
715 1102 768 1141 ad
787 1116 859 1141 nos
879 1102 1156 1142 conformatus
1173 1108 1396 1148 revertare,

189 1171 251 1211 ut,
263 1179 387 1217 quam
399 1170 753 1218 exspectationem
765 1171 826 1206 tui
838 1171 1067 1214 concitasti,
1078 1165 1183 1207 hanc
1193 1167 1396 1206 sustinere

189 1243 237 1269 ac
256 1234 364 1269 tueri
384 1235 526 1282 possis.
579 1232 635 1270 Et
656 1235 848 1284 quoniam
868 1246 1005 1271 meam
1024 1239 1190 1272 tuorum
1210 1245 1310 1285 erga
1326 1243 1394 1271 me

188 1299 428 1335 meritorum
448 1300 687 1336 memoriam
708 1298 820 1336 nulla
839 1312 1036 1350 umquam
1056 1298 1213 1338 delebit
1232 1290 1394 1347 oblivio,

188 1367 232 1399 te
243 1375 356 1413 rogo,
369 1368 416 1400 ut
426 1366 674 1409 memineris,
686 1369 1045 1416 quantaecumque
1057 1364 1133 1402 tibi
1143 1366 1393 1417 accessiones

187 1427 289 1465 fient
317 1433 361 1465 et
387 1427 578 1466 fortunae
607 1434 651 1467 et
677 1429 906 1480 dignitatis,
934 1442 1004 1468 eas
1030 1434 1075 1467 te
1102 1442 1185 1468 non
1211 1431 1392 1480 potuisse

185 1495 394 1544 consequi,
436 1496 512 1532 nisi
554 1497 656 1532 meis
697 1507 801 1545 puer
842 1494 939 1533 olim
981 1494 1223 1533 fidelissimis
1265 1500 1391 1546 atque

186 1561 473 1597 amantissimis
505 1559 678 1598 consiliis
708 1562 927 1611 paruisses.
979 1559 1118 1608 Quare
1149 1559 1226 1598 hoc
1256 1562 1392 1598 aninlo

185 1625 226 1662 in
246 1637 317 1661 nos
337 1637 426 1662 esse
445 1624 630 1670 debebis,
649 1630 697 1663 ut
715 1631 831 1664 aetas
849 1631 989 1664 nostra
1006 1628 1088 1663 iam
1105 1627 1391 1678 ingravescens

184 1691 226 1726 in
264 1702 402 1727 amore
441 1695 567 1741 atque
605 1693 648 1728 in
686 1690 964 1729 adolescentia
1002 1696 1075 1729 tua
1113 1693 1389 1743 conquiescat.

185 1753 300 1792 Vale.

310 1943 327 1963 ‘⁸
351 1939 373 1954 “
390 1940 486 1974 With
504 1952 525 1973 a
544 1941 728 1975 character
744 1952 784 1976 so
802 1941 954 1976 finished
966 1941 987 1956 '’
1005 1941 1264 1986 Shuckburgh.

184 2103 238 2144 94
