1442 2392
148 596 163 629 1

696 150 900 190 CICERO

773 315 815 353 II

311 431 359 459 M.
385 432 424 458 Τ.
452 432 487 458 C.
514 432 547 458 S.
575 431 616 458 D.
643 432 805 457 PRocos.
832 432 951 458 APPIO
978 432 1163 458 PULCHRO
1189 431 1278 458 IMP.

614 514 763 553 Romae,
781 525 889 547 A.u.c.
908 517 986 547 703.

246 591 350 629 Cum
395 596 439 629 et
482 596 625 629 contra
669 590 925 629 voluntatem
968 604 1105 629 meam
1150 597 1195 630 et
1236 597 1403 643 praeter

194 649 428 696 opinionem
457 645 685 691 accidisset,
715 651 762 683 ut
791 645 890 683 mihi
919 659 1012 684 cum
1041 648 1213 697 imperio
1241 649 1284 684 in
1310 658 1403 698 pro-

194 702 368 737 vinciam
395 700 593 751 proficisci
622 712 789 737 necesse
819 705 943 746 esset,
971 702 1014 737 in
1042 699 1182 738 multis
1211 705 1256 738 et
1283 701 1402 739 variis

194 754 391 792 molestiis
411 754 812 805 cogitationibusque
833 757 935 792 meis
956 753 1058 792 haec
1079 768 1161 792 una
1181 753 1404 793 consolatio

195 809 449 854 occurrebat,
471 809 581 859 quod
601 821 736 859 neque
757 809 834 846 tibi
855 811 1034 854 amicior,
1055 822 1179 860 quam
1200 822 1278 860 ego
1298 822 1404 855 sum,

196 865 412 914 quisquam
437 869 578 913 posset
602 862 836 908 succedere,
861 875 998 914 neque
1025 875 1102 914 ego
1129 863 1181 901 ab
1206 862 1288 901 ullo
1312 874 1404 915 pro-

195 920 369 955 vinciam
387 919 586 967 accipere,
605 919 673 968 qui
692 916 835 955 mallet
854 930 946 955 eam
964 917 1063 955 mihi
1082 930 1206 969 quam
1223 919 1403 956 maxime

195 977 337 1021 aptam
364 971 695 1022 explicatamque
722 971 901 1009 tradere.
956 971 1079 1019 Quod
1105 973 1138 1010 si
1165 976 1214 1010 tu
1239 983 1404 1024 quoque

196 1025 386 1063 eamdem
404 1026 457 1064 de
475 1038 569 1063 mea
587 1025 800 1064 voluntate
819 1039 918 1077 erga
935 1031 979 1063 te
998 1039 1114 1077 spem
1131 1025 1274 1072 habes,
1293 1022 1404 1064 ea¹te

195 1079 381 1130 profecto
405 1093 630 1131 numquam
652 1078 783 1118 fallet.
837 1080 875 1117 A
899 1085 942 1118 te
966 1082 1146 1118 maximo
1169 1093 1309 1131 opere,
1329 1092 1404 1132 pro

197 1140 336 1172 nostra
375 1147 536 1172 summa
574 1137 860 1172 coniunctione
900 1140 1057 1186 tuaque
1097 1133 1291 1186 singulari
1330 1130 1419 1187 hu-¹¹

195 1191 413 1234 manitate,
447 1191 574 1226 etiam
608 1194 735 1239 atque
770 1191 897 1226 etiam
931 1201 1084 1240 quaeso
1118 1194 1163 1227 et
1194 1194 1310 1240 pete,
1342 1190 1404 1234 ut,

196 1243 521 1294 quibuscumque
537 1243 660 1280 rebus
675 1245 829 1293 poteris
847 1242 1017 1294 (poteris
1034 1248 1175 1281 autem
1189 1241 1405 1296 plurimis),

195 1299 416 1347 prospicias
455 1302 499 1334 et
535 1296 720 1335 consulas
757 1297 983 1335 rationibus
1020 1299 1137 1335 meis.
1189 1297 1314 1335 Vides
1351 1308 1404 1335 ex

196 1351 551 1389 senatusconsulto
570 1353 819 1401 provinciam
840 1364 929 1389 esse
950 1351 1197 1389 habendam.
1249 1350 1292 1390 Si
1311 1357 1404 1390 eam

197 1405 351 1456 (quoad
381 1407 468 1443 eius
499 1404 635 1443 facere
666 1405 866 1457 potueris)
898 1419 1022 1457 quam
1053 1405 1405 1456 expeditissimam

195 1459 295 1497 mihi
318 1459 548 1504 tradideris,
570 1458 726 1497 facilior
748 1462 827 1497 erit
847 1459 947 1497 mihi
969 1462 1086 1511 quasi
1107 1459 1301 1498 decursus
1321 1462 1404 1498 mei

245 1541 260 1556 ‘²
283 1537 359 1570 The
373 1538 630 1580 governorship
651 1538 691 1570 of
706 1549 729 1570 a
747 1539 915 1571 consular
933 1535 1101 1580 province
1119 1538 1256 1572 carried
1275 1538 1360 1574 with
1378 1539 1405 1572 it

198 1580 270 1656 the1
282 1581 599 1657 impmiium—the
621 1580 814 1614 command
839 1581 880 1614 of
906 1581 1070 1624 imperial
1095 1581 1221 1622 forces,
1249 1581 1405 1625 military

198 1635 245 1657 an
288 1635 381 1657 nava
396 1648 405 1657 .

250 1667 263 1687 δ
291 1668 384 1700 Both
401 1678 492 1701 were
509 1667 686 1701 member-s
704 1667 744 1700 of
757 1668 817 1701 the
835 1667 979 1711 College
996 1667 1037 1702 of
1050 1668 1209 1712 Augurs,
1226 1667 1299 1702 and
1316 1668 1404 1703 both

201 1713 310 1744 wrote
325 1713 486 1744 treatises
502 1722 548 1744 on
565 1711 718 1754 augural
733 1711 813 1744 law.

250 1758 263 1775 ⁶
287 1753 330 1787 In
344 1757 388 1788 52
404 1754 565 1797 Pompey
577 1754 648 1788 had
665 1754 814 1792 carried,
829 1765 963 1797 among
978 1755 1080 1788 other
1095 1765 1286 1794 mensures,
1300 1766 1323 1790 a
1335 1754 1404 1789 law

198 1798 240 1830 de
252 1798 464 1840 provinciis,
482 1797 674 1840 providing
695 1798 775 1831 that
797 1797 865 1831 five
881 1809 984 1841 years
1001 1801 1038 1832 at
1060 1797 1151 1832 least
1166 1802 1263 1832 must
1285 1798 1404 1843 elapse

198 1841 358 1874 between
383 1840 534 1883 holding
553 1841 653 1875 office
672 1842 709 1874 in
731 1841 847 1874 Rome
866 1841 938 1875 and
955 1841 1088 1884 taking
1103 1851 1153 1884 up
1175 1842 1236 1875 the
1254 1852 1405 1885 govern-

199 1887 298 1917 ment
310 1884 350 1917 of
359 1895 380 1917 a
392 1886 572 1926 province.
619 1885 714 1917 That
725 1884 850 1918 Cicero
863 1885 934 1918 had
947 1896 995 1918 no
1006 1885 1122 1919 desire
1136 1884 1194 1918 for
1208 1885 1405 1928 provincial

198 1930 435 1970 government
465 1929 494 1960 is
524 1928 649 1962 shown
679 1928 704 1961 b
761 1927 816 1961 his
847 1930 1031 1971 resigning
1060 1928 1121 1962 the
1151 1929 1285 1962 chance
1315 1929 1358 1963 of
1383 1940 1406 1963 a

226 1972 368 2004 rovince
395 1971 487 2004 aster
514 1971 569 2004 his
595 1939 805 2013 consulship
832 1972 868 2004 in
896 1974 941 2005 63
967 1971 1029 2015 (cs.
1056 1983 1090 2006 v.
1118 1974 1152 2006 2.
1179 1973 1229 2015 3).
1278 1973 1320 2006 In
1347 1975 1404 2014 51,

225 2024 373 2052 owever,
390 2014 450 2048 the
467 2014 597 2048 Senate
610 2014 760 2048 decreed
775 2015 854 2048 that
870 2015 917 2048 all
934 2014 1103 2058 qualified
1120 2017 1405 2058 ex-magistratoe

199 2057 279 2090 who
303 2057 374 2090 had
399 2061 463 2091 not
485 2061 545 2101 yet
568 2058 749 2101 governed
772 2069 794 2091 a
815 2060 984 2100 province
1006 2063 1100 2092 must
1123 2058 1351 2103 (apparently
1368 2058 1404 2094 in

210 2108 283 2147 168
