1442 2392
675 125 878 170 CICERO

171 234 269 268 sunt
293 232 431 268 omnia
455 229 673 269 debilitata
694 236 744 270 vet
766 233 850 270 iam
875 239 1003 283 prope
1029 234 1275 275 exstinotaff-
1301 231 1389 272 Sed

171 310 276 350 haee
309 314 412 363 ipsa,
447 315 599 359 nescio,
634 315 803 351 rectene
839 315 923 352 sint
956 312 1106 369 litteris
1141 306 1389 381 οόιήωἰὲξὶῆ

174 406 302 445 quare
337 399 478 433 cetera
513 407 733 446 cognosces
769 407 822 434 ex
858 395 959 435 aliis.
1011 395 1075 435 Tu
1109 379 1266 443 tamen,
1301 391 1390 436 sive

173 474 301 514 habes
326 474 506 528 aliquam
529 489 646 528 spem
670 475 723 514 de
746 476 970 528 republica,
993 479 1078 516 sive
1103 462 1317 531 desperaS,⁷
1336 469 1390 532 esd¹

172 570 286 608 para,
312 557 529 604 meditare,
555 560 706 610 cogita,
732 571 839 610 quae
867 541 957 598 esse
980 561 1025 598 in
1050 572 1101 598 eo
1125 561 1203 598 civi
1227 572 1276 598 ac
1300 555 1389 599 viro'

173 637 344 685 debent,
367 641 438 691 qui
460 641 514 677 sit
535 639 846 691 rempublicam,
866 633 1059 679 afflictam
1082 640 1386 694 etoppr'es'sani·

172 722 330 758 miseris
357 722 612 772 temporibus
639 735 686 760 ac
712 722 884 772 perditis
910 722 1105 769 moribus,
1130 724 1174 761 in
1192 701 1390 763 *veterent

173 801 422 854 dignitatem
442 816 490 841 ac
507 803 746 842 libertatem
766 804 1059 844 vindicaturus.

750 983 809 1022 VI

462 1099 510 1127 M.
536 1100 575 1127 T.
603 1101 638 1127 C.
665 1101 698 1127 S.
726 1101 764 1128 P.
791 1101 833 1128 D.
860 1101 895 1128 C.
923 1101 1090 1128 CURIONI

594 1191 744 1231 Romae,
761 1203 797 1225 A.
800 1203 835 1226 u.
839 1203 869 1226 c.
888 1194 967 1226 701.

223 1285 416 1325 Nondum
445 1291 535 1325 erat
564 1287 765 1333 auditum,
793 1292 838 1326 te
867 1287 921 1326 ad
949 1287 1113 1327 Italiam
1141 1286 1386 1354 adventare}

171 1381 264 1406 cum
289 1367 385 1407 Sex.
411 1368 590 1415 Villium,
618 1368 784 1435 Milonis
809 1372 891 1407 mei
917 1368 1175 1417 familiarem,
1199 1383 1294 1409 cum
1318 1369 1381 1409 his

171 1449 225 1488 ad
249 1455 294 1488 te
320 1449 469 1489 litteris
495 1453 600 1489 misi.
654 1450 736 1489 Sed
762 1456 905 1490 tamen
931 1465 1024 1490 cum
1051 1444 1388 1504 appropinquare

168 1536 265 1570 tuus
290 1532 492 1571 adventus
516 1538 741 1583 putaretur
759 1538 804 1572 et
828 1538 872 1572 te
896 1535 979 1572 iam
1004 1546 1057 1572 ex
1081 1533 1182 1572 Asia
1205 1532 1379 1572 Romam

169 1626 308 1652 versus
325 1613 558 1665 profectum
577 1628 666 1653 esse
685 1619 908 1661 constaret,
926 1615 1169 1667 magnitudo
1186 1616 1246 1654 rei
1264 1604 1385 1663 feeit,⁴

168 1701 217 1734 ut
245 1709 328 1734 non
358 1709 606 1743 vereremur,
636 1710 689 1735 ne
719 1699 838 1735 nimis
868 1700 950 1736 cito
980 1700 1254 1744 mitteremus,
1284 1711 1379 1736 cum

167 1777 239 1816 has
257 1791 380 1830 quam
396 1781 574 1829 primum
591 1779 643 1817 ad
660 1784 704 1817 te
720 1778 892 1830 perferri
907 1779 1068 1818 litteras
1083 1793 1235 1832 magno
1251 1770 1386 1832 opere>

167 1860 377 1899 vellemus.
430 1861 535 1912 Ego,
566 1864 599 1899 si
630 1874 725 1899 mea
753 1864 797 1899 in
827 1867 871 1899 te
903 1867 1042 1900 essent
1072 1862 1202 1900 officia
1231 1861 1383 1908 solum,

169 1941 303 1988 Curio,
337 1948 470 1989 tanta,
505 1948 662 1994 quanta
708 1945 838 1995 magis
886 1956 911 1982 a
943 1949 987 1982 te
1020 1945 1109 1995 ipso
1150 1927 1382 1995 praedieari

167 2036 291 2075 quam
322 2037 347 2062 a
376 2038 443 2062 me
473 2025 690 2076 ponderari
720 2024 869 2071 solent,
899 2025 1170 2064 verecundius
1196 2039 1224 2064 a
1252 2031 1313 2072 te,
1340 2027 1385 2073 sis

179 2090 254 2124 104
