1442 2392
676 150 880 191 CICERO

171 250 336 289 tuendis
367 265 467 303 erga
496 259 540 291 te
571 254 833 294 observantia
863 261 908 294 et
937 260 1170 296 constantia
1197 256 1382 301 fuissem.

174 308 322 360 Itaque
342 313 488 361 quanti
508 311 609 350 illud
631 326 699 351 me
722 317 941 353 aestimare
963 320 1102 365 putas,
1120 316 1232 367 quod
1253 318 1382 356 estin

172 371 253 407 tuis
298 370 447 410 litteris
481 375 692 423 scriptum,
727 377 759 412 si
795 375 894 426 quid
938 375 1142 422 inciderit,
1177 375 1288 427 quod
1318 375 1383 415 -ad

171 443 308 468 meam
345 431 594 483 dignitatem
631 437 854 484 pertineat,
893 437 972 473 etsi
1009 438 1076 474 vix
1114 435 1202 473 fieri
1238 433 1382 487 possit,

172 495 314 528 tamen
333 496 377 529 te
396 504 540 542 parem
559 492 658 530 mihi
677 496 855 545 gratiam
873 494 1100 533 relaturum
1117 495 1133 532 ?
1202 494 1266 532 Tu
1285 489 1380 546 vero

171 548 290 588 facile
316 549 456 590 facies.
510 551 620 590 Nihil
647 558 711 591 est
737 557 861 600 enim,
887 554 999 605 quod
1023 554 1160 594 studio
1187 560 1231 594 et
1255 555 1382 594 beness

124 615 144 647 2
171 611 365 658 volentia,
395 612 460 650 vel
489 626 628 651 amore
657 617 809 664 potius,
838 615 941 653 effici
970 628 1052 652 non
1081 617 1224 666 possit.
1275 614 1380 668 Ego,

172 675 250 710 etsi
277 678 322 711 et
345 675 434 723 ipse
458 675 519 712 ita
543 673 790 721 iudicabam,
817 680 861 714 et
886 675 1037 714 fiebam
1061 676 1204 714 crebro
1230 689 1254 714 a
1277 671 1380 715 meis

169 745 244 783 per
269 732 430 771 litteras
458 736 620 780 certior,
647 740 790 773 tamen
817 738 1040 781 maximam
1059 735 1264 775 laetitiam
1289 737 1380 789 cepi

171 804 223 829 ex
254 794 335 829 tuis
365 791 513 830 litteris
544 792 597 830 de
627 806 700 844 spe
730 797 898 832 minime
929 794 1054 833 dubia
1084 800 1128 832 et
1157 794 1280 845 plane
1309 807 1379 833 ex·

169 852 330 902 plorata
357 852 554 904 triumphi
581 855 670 899 tui3
713 866 848 905 neque
876 868 972 893 vero
1000 855 1053 893 ob
1081 868 1173 893 eam
1199 868 1378 901 causam,

171 924 252 962 quo
297 913 385 962 ipse
435 910 592 950 facilius
642 926 928 964 consequerer,
972 928 1068 953 nam
1117 914 1160 952 id
1211 913 1378 965 quidem

172 971 407 1021 ἐπικούρειον
436 978 527 1018 est;
566 973 654 1019 sed,
681 973 931 1020 mehercule,
960 975 1070 1026 quod
1098 980 1172 1013 tua
1199 975 1378 1026 dignitas

171 1037 297 1083 atque
325 1032 553 1083 amplitudo
578 1033 678 1071 mihi
705 1039 770 1072 est
794 1036 884 1084 ipsa
908 1048 1003 1073 cara
1027 1048 1103 1086 per
1127 1048 1186 1073 se.
1239 1034 1377 1083 Quare

170 1095 363 1143 quoniam
384 1092 522 1143 plures
543 1098 591 1131 tu
613 1093 755 1140 habes,
778 1108 902 1145 quam
924 1098 1067 1141 ceteri,
1089 1109 1190 1147 quos
1212 1098 1314 1137 scias
1333 1098 1377 1134 in

170 1151 275 1190 hanc
286 1155 535 1202 provinciam
547 1152 759 1203 proficisci,
772 1154 883 1204 quod
895 1159 939 1192 te
952 1154 1110 1193 adeunt
1120 1154 1208 1194 fere
1220 1164 1377 1202 omnes,

169 1214 203 1250 si
231 1212 331 1263 quid
368 1212 481 1258 velis,
509 1215 787 1264 gratissimum
815 1214 915 1252 mihi
946 1213 1106 1261 feceris,
1135 1218 1169 1254 si
1206 1214 1260 1254 ad
1293 1211 1376 1270 me,r

168 1272 288 1310 simul
310 1278 437 1324 atque
460 1273 635 1323 adeptus
659 1276 751 1319 eris,
773 1273 884 1325 quod
907 1280 951 1312 et
972 1280 1020 1313 tu
1042 1275 1210 1314 confidis
1232 1281 1277 1314 et
1298 1288 1376 1332 ego

167 1338 280 1382 opto,
321 1332 482 1370 litteras
524 1335 695 1370 miseris.
749 1332 882 1384 Longi
923 1334 1089 1373 subselli
1131 1335 1196 1387 (ut
1236 1341 1377 1376 noster

167 1391 386 1442 Pompeius
399 1392 597 1444 appellat)
609 1393 804 1431 iudicatio
820 1399 864 1431 et
878 1407 992 1432 mora
1003 1397 1037 1432 si
1049 1408 1174 1446 quem
1185 1397 1374 1436 tibiitem

165 1464 293 1489 unum
319 1452 547 1491 alterumve
573 1453 683 1491 diem
709 1453 927 1492 abstulerit
959 1455 1076 1507 (quid
1101 1459 1210 1494 enim
1235 1462 1376 1507 potest

166 1512 339 1563 amplius
357 1512 405 1564 ?),
431 1518 505 1551 tua
530 1518 673 1551 tamen
701 1513 880 1565 dignitas
906 1528 1025 1553 suum
1052 1514 1186 1554 locum
1215 1517 1375 1556 obtine-

167 1573 242 1611 bit.
296 1572 392 1618 Sed,
404 1575 515 1611 sime
527 1573 675 1625 diligis,
687 1576 719 1611 si
733 1587 756 1611 a
767 1587 834 1611 me
847 1574 959 1626 diligi
971 1577 1044 1621 vis,
1057 1575 1110 1614 ad
1120 1567 1188 1614 ine
1198 1570 1374 1623 litteras,

117 1636 137 1668 3
165 1638 213 1670 ut
234 1645 357 1683 quam
377 1634 555 1683 primum
574 1632 735 1671 laetitia
755 1634 918 1680 afficiar,
937 1637 1109 1674 mittito.
1162 1636 1219 1674 Et
1237 1636 1374 1683 velim',

163 1691 367 1742 reliquum
401 1691 512 1742 quod
548 1697 612 1729 est
645 1695 832 1743 promissi
868 1706 915 1731 ac
949 1696 1129 1732 muneris
1164 1697 1240 1741 tui,
1274 1695 1373 1734 mihi

215 1825 230 1840 '¹
253 1820 330 1853 The
359 1820 580 1862 Epicureans
609 1820 691 1854 held
721 1822 782 1855 the
810 1822 938 1865 theory
965 1822 1045 1856 that
1072 1822 1271 1868 sriendship
1298 1835 1372 1860 was

167 1863 278 1897 based
296 1874 342 1897 on
360 1863 590 1906 expediency.

215 1907 228 1927 ¹³
254 1906 437 1948 Probably
451 1907 512 1940 the
528 1907 644 1940 bench
660 1918 706 1940 on
722 1907 837 1940 which
854 1908 914 1941 the
928 1909 1090 1942 tribunes
1105 1913 1172 1949 sat,
1189 1921 1230 1943 οι·
1244 1911 1272 1944 it
1286 1921 1371 1954 may

168 1950 212 1983 be
226 1950 286 1983 the
302 1951 505 1992 opposition
520 1950 600 1983 who
614 1950 787 1984 favoured
804 1951 946 1984 Caesar.
996 1952 1029 1985 1t
1045 1953 1160 1995 might
1175 1953 1251 1987 also
1266 1964 1368 1988 mean

168 1993 283 2070 {z‘aetheh
295 1993 411 2070 benclh
441 1993 647 2070 ofntedious
676 1994 968 2038 interruptions,”
999 1995 1021 2010 “
1037 1996 1097 2029 the
1127 1996 1367 2040 long-winded

215 2047 258 2070 nc
287 2036 321 2070 .'’
403 2048 484 2079 yrre
513 2061 520 2069 .

171 2093 249 2127 212
