1442 2392
694 130 898 170 CICERO

198 238 268 286 qui
301 240 346 274 te
378 235 564 288 profecto
600 241 644 274 et
675 236 967 275 benevolentia
1001 242 1045 275 et
1059 255 1063 261 ⁴
1077 238 1280 288 sapientia
1295 229 1406 276 ‘'eon-

195 306 349 345 solatur
367 320 377 353 ;
405 310 518 345 cuius
532 310 565 346 si
579 320 761 345 essemus
775 313 820 346 et
831 310 1125 346 auctoritatem
1138 313 1183 346 et
1193 299 1406 347 eonsiliuffi

196 380 341 424 secuti,
353 381 486 430 togati
497 381 634 429 potius
645 380 878 429 potentiam
893 392 1019 430 quam
1034 370 1183 417 arniati
1194 363 1405 426 victoriam

156 454 175 485 7
195 449 457 487 subissemus.
526 449 608 487 Sed
650 449 752 487 haee
794 449 978 500 longiora
1018 449 1195 488 fortasse
1235 448 1406 488 fuerunt

196 532 320 571 quam
343 533 512 558 necesse
541 519 647 566 fuit3
681 520 763 566 illa,
788 534 894 572 quae
923 522 1079 558 maiora
1107 525 1219 568 sunt,
1241 506 1405 559 brevius

196 603 414 641 exponam.
469 591 558 643 Ego
579 591 726 637 habeo,
747 594 812 629 cui
832 591 937 642 plus,
958 604 1084 643 quam
1103 580 1194 638 t‘ibi,
1215 577 1406 638 debeam,

196 664 417 700 neminem.
472 662 631 710 Quibus
666 668 832 700 tantum
866 662 1086 708 debebam,
1115 667 1325 713 quantum
1356 666 1407 709 tu

196 732 405 784 intelligis,
424 746 493 771 eos
510 733 630 772 huius
647 733 747 771 mihi
764 732 861 771 belli
879 746 994 771 casus
1014 735 1177 786 eripuit.
1231 732 1314 780 Qui
1330 728 1407 772 sim

197 809 340 841 autem
366 803 441 842 hoc
469 810 670 856 tempore,
697 804 908 856 intellego.
962 802 1045 842 Sed
1071 805 1168 855 quia
1193 817 1316 846 nemo
1342 807 1407 846 est

197 879 284 912 tam
306 874 478 913 afflictus
498 879 611 926 quin,
629 878 662 914 si
681 875 781 913 nihil
803 875 914 914 aliud
938 875 1120 920 studeat,
1140 877 1218 912 nisi
1235 874 1280 913 id
1297 873 1408 926 qued

197 947 299 996 agit,
326 948 456 996 possit
483 959 633 984 navare
662 946 816 997 aliquid
845 951 889 984 et
917 945 1090 991 efficere,
1118 958 1240 983 omne
1267 936 1407 1002 meum

197 1016 422 1062 consilium,
457 1030 638 1068 operam,
669 1017 851 1055 studium
885 1022 1012 1064 certe,
1043 1015 1165 1055 velim
1195 1014 1406 1067 existimes

196 1087 271 1125 tibi
291 1090 456 1139 tuisque
474 1088 612 1127 liberis
632 1101 721 1127 esse
740 1088 942 1126 debitum.

780 1229 822 1268 II

490 1336 537 1363 M.
558 1338 700 1364 CICERO
718 1338 750 1364 S.
772 1339 811 1365 D.
833 1339 870 1365 A.
890 1337 1101 1369 TORQUATO

607 1420 772 1459 Asturae,
791 1433 897 1455 A.u.c.
916 1424 994 1455 709.

158 1511 175 1546 1
248 1506 351 1545 Peto
376 1521 400 1544 a
424 1512 484 1552 te,
507 1520 561 1544 ne
585 1520 651 1544 me
674 1512 798 1558 putes
823 1507 1024 1546 oblivione
1047 1509 1110 1546 'cui
1132 1508 1260 1546 rarius
1276 1494 1339 1546 ¹ad
1359 1511 1405 1552 te

197 1578 375 1616 scribere
412 1591 535 1628 quam
569 1577 765 1623 solebam,
796 1578 869 1616 sed
907 1583 980 1616 aut
1010 1580 1214 1629 gravitate
1248 1577 1406 1616 valeta*

196 1649 315 1694 dinis,
333 1661 415 1700 qua
432 1654 575 1686 tamen
592 1651 674 1686 iam
689 1648 873 1700 paullum
890 1649 1029 1687 videor
1046 1649 1185 1697 levari,
1203 1652 1277 1686 aut
1294 1647 1406 1699 quod

196 1720 327 1757 absim
346 1719 398 1757 ab
417 1718 546 1765 Urbe,
565 1724 626 1764 ut,
645 1721 715 1770 qui
732 1719 786 1758 ad
803 1725 847 1758 te
864 1719 1185 1771 proficiscantur,
1203 1721 1305 1765 scire
1322 1732 1402 1759 non

195 1793 360 1840 possim.
415 1789 553 1837 Quare
582 1790 704 1828 velim
731 1792 791 1828 ita
818 1796 1024 1828 statutum
1051 1790 1218 1836 habeas,
1245 1802 1314 1828 me
1339 1791 1403 1831 tui

196 1863 436 1898 memoriam
453 1874 547 1899 eum
566 1874 724 1899 summa
742 1861 1032 1899 benevolentia
1048 1866 1208 1907 tenere,
1226 1866 1403 1912 tuasque

283 1989 359 2021 “In
376 1999 485 2031 peace
500 2000 553 2022 we
567 1989 695 2022 should
714 1985 804 2022 have
819 1989 1050 2022 surrendered
1068 1992 1105 2022 to
1121 1989 1173 2023 his
1188 1988 1268 2022 civil
1283 1999 1403 2033 power

200 2032 320 2065 rather
336 2033 449 2065 than·
442 2044 476 2066 m
495 2043 567 2066 war
582 2036 618 2066 to
634 2033 694 2066 the
709 2033 806 2066 force
822 2033 863 2066 of
876 2033 930 2066 his
946 2044 1053 2066 arms.
1059 2033 1080 2047 ”
1127 2031 1275 2076 Tyn-rell.

202 2088 280 2123 434
