1442 2392
645 113 848 152 CICERO

145 220 268 264 enim,
297 223 344 256 ut
371 224 461 256 tum
489 230 556 255 me
585 231 610 255 a
636 218 845 268 republica
871 223 1075 255 maestum
1103 217 1248 257 domus
1274 230 1343 257 ex-

143 273 338 323 cipiebat,
367 285 472 323 quae
504 271 673 317 levaret,
704 274 760 309 sic
790 285 897 309 nune
926 272 1047 310 domo
1077 285 1262 310 maerens
1291 271 1343 310 ad

143 326 434 377 rempublicam
473 325 694 376 confugere
730 339 909 375 possum,
945 331 993 364 ut
1027 328 1070 364 in
1107 329 1192 364 eius
1229 327 1343 364 bonis

144 371 616 431 acquiescam.[1taque
642 385 686 417 et
710 379 832 417 domo
857 380 1015 425 absum,
1040 385 1085 418 et
1108 379 1211 426 foro,
1235 379 1343 431 quod

143 447 219 472 nec
235 447 330 472 eum
345 433 541 479 dolorem,
557 446 681 484 quem
697 446 720 471 e
736 433 944 484 republica
959 436 1089 484 capio,
1104 433 1248 472 domus
1262 437 1344 472 iam

142 487 339 526 consolari
369 493 522 538 potest,
553 500 629 526 nec
659 487 928 525 domesticum
958 485 1233 538 respublica]
1252 487 1344 535 Quo

142 545 273 593 magis
293 548 337 580 te
357 547 552 592 exspecto
571 547 698 592 teque
717 542 855 579 videre
875 554 999 592 quam
1017 544 1193 592 primum
1211 545 1344 592 cupio.

145 596 280 633 Maior
308 595 407 633 mihi
436 595 586 634 levatio
616 594 749 634 afferri
777 595 889 633 nulla
916 601 1070 646 potest,
1099 609 1223 647 quam
1251 608 1345 634 con-

142 652 297 688 iunctio
354 649 659 688 consuetudinis
715 662 1031 700 sermonumque
1087 655 1345 696 nostrorumx3

142 703 410 754 quamquaml
445 703 662 754 sperabam
696 708 815 742 tuum
861 703 1086 742 adventum
1127 703 1201 755 (sic
1236 706 1344 742 enim

143 757 379 809 audiebam)
398 760 739 808 appropinquare.
792 757 882 809 Ego
901 763 1042 796 autem
1061 770 1188 809 quum
1206 758 1345 796 multis

143 812 196 850 de
238 814 369 849 causis
411 817 455 849 te
493 817 645 862 exopto
686 824 811 862 quam
848 814 1025 862 primum
1065 812 1218 858 videre,
1254 818 1344 850 tum
1405 839 1408 842 -

143 868 285 911 etiam,
308 871 356 903 ut
378 871 475 903 ante
498 871 823 903 commentemur
844 867 953 904 inter
974 879 1063 911 nos,
1083 878 1166 916 qua
1185 868 1344 905 ratione

142 919 259 957 nobis
283 919 582 957 traducendum
606 922 660 958 sit
683 918 760 958 hoc
783 925 962 970 tempus,
987 919 1098 971 quod
1122 925 1187 958 est
1209 925 1345 958 totum

143 973 197 1011 ad
217 975 335 1011 unius
356 973 611 1011 voluntatem
631 973 1035 1019 accommodandum,
1055 979 1100 1012 et
1118 974 1345 1024 prudentis,

143 1033 189 1065 et
203 1027 395 1072 liberalis,
412 1033 456 1065 et
473 1027 537 1078 (ut
551 1030 808 1078 perspexisse
824 1027 979 1079 videor)
996 1041 1072 1066 nec
1088 1041 1112 1065 a
1127 1041 1194 1066 me
1211 1027 1346 1075 alieni,

143 1087 189 1120 et
218 1081 294 1119 tibi
324 1083 568 1119 amicissimi.
621 1081 743 1128 Quod
771 1095 863 1119 cum
892 1084 953 1120 ita
981 1084 1048 1127 sit,
1077 1094 1253 1132 magnae
1282 1088 1347 1121 est

145 1141 287 1173 tamen
315 1134 633 1181 deliberationis,
662 1148 768 1186 quae
797 1137 902 1173 ratio
929 1137 983 1173 sit
1010 1135 1190 1174 ineunda
1217 1136 1347 1183 nobis,

144 1202 227 1227 non
254 1189 404 1239 agendi
431 1189 598 1242 aliquid,
625 1190 698 1227 sed
724 1189 830 1228 illius
856 1202 1051 1228 concessu
1076 1195 1122 1228 et
1148 1190 1347 1229 beneficio

145 1243 396 1294 quiescendi.

682 1412 764 1451 VII

431 1535 479 1562 Μ.
506 1536 545 1563 Τ.
571 1536 607 1563 c.
634 1536 668 1564 8.
695 1537 736 1563 D.
763 1536 809 1563 M.
837 1535 1043 1563 MARCELLO

563 1626 711 1665 Romae,
729 1637 835 1660 A.u.c.
855 1629 932 1660 708.

197 1719 287 1758 Etsi
320 1733 368 1758 eo
400 1725 444 1758 te
477 1719 609 1758 adhuc
641 1720 805 1758 consilio
838 1735 954 1758 usum
986 1720 1196 1774 intellego,
1227 1728 1275 1762 ut
1305 1723 1347 1762 id

146 1774 447 1825 reprehendere
470 1787 550 1812 non
575 1774 762 1819 audeam,
787 1788 867 1812 non
891 1778 989 1826 quin
1012 1776 1064 1813 ab
1088 1789 1137 1814 eo
1158 1779 1245 1827 ipse
1268 1777 1347 1816 dis-

332 1871 344 1891 ¹
373 1872 511 1914 Tyrrell
528 1872 611 1905 with
628 1871 720 1905 Reid
734 1887 743 1906 ι
769 1884 860 1906 some
876 1873 996 1916 prefer
1013 1875 1170 1907 iamiam.

534 1992 550 2008 ⁰
574 1988 641 2021 See
659 1991 741 2021 note
757 1999 803 2020 ou
822 1989 866 2022 iv.
884 1991 917 2022 4.
934 1992 968 2024 3.

145 2052 225 2086 280
