1442 2392
669 120 872 161 CICERO

166 225 298 264 multa
318 225 503 264 accidere
522 225 710 278 possunt)
732 226 869 278 aliqua
887 239 953 265 res
975 239 1071 265 eum
1089 226 1156 266 vel
1174 226 1374 279 impediet
1426 247 1431 255 =

165 279 231 318 vel
245 280 484 326 morabitur,
498 285 546 318 tu
559 281 615 318 ibi
631 283 723 326 eris,
737 281 808 319 ubi
821 283 958 319 omnia
970 283 1073 319 seire
1086 283 1230 332 possis,
1283 281 1374 320 Hoe

129 338 150 371 3
168 334 268 372 mihi
291 347 455 384 prorsus
478 334 597 372 valde
620 334 771 386 placet.
826 335 892 373 De
915 334 1087 386 reliquo,
1110 341 1160 374 ut
1181 341 1226 374 te
1250 346 1375 387 saepe

166 401 242 438 per
255 388 414 427 litteras
429 388 621 427 hortatus
636 402 740 435 sum,
755 392 816 427 ita
829 389 952 428 velim
963 390 1040 427 tibi
1051 389 1315 441 persuadeas,
1329 395 1374 428 te
1414 421 1418 440 ἰ

169 445 211 479 in
238 442 315 480 hac
343 456 466 481 causa
493 443 594 481 nihil
621 443 789 489 habere,
819 443 930 495 quod
957 444 1033 482 tibi
1061 443 1294 482 timendum
1317 446 1375 482 sit
1413 440 1423 489 ³1

166 502 334 547 praeter
368 510 628 535 communem
662 510 802 535 casum
836 500 1013 536 civitatis
1030 510 1040 543 3
1091 500 1162 549 qui
1197 500 1275 536 etsi
1310 503 1374 536 est

166 553 592 601 gravissimus,tamen
600 554 659 589 ita
665 554 839 590 viximus
854 557 897 590 et
909 552 952 590 id
963 554 1114 590 aetatis
1125 554 1208 590 iam
1220 565 1373 598 sumus,
1420 574 1422 576 v

166 610 213 642 ut
221 607 370 650 omnia,
379 618 486 656 quae
499 619 581 643 non
593 611 733 644 nostra
746 605 865 657 culpa
877 607 993 644 nobis
1003 605 1374 652 accidant,fortiter

166 658 275 696 ferre
302 659 540 698 debeamus.
595 659 673 698 Hic
698 662 760 698 tui
786 673 928 698 omnes
953 659 1106 706 valent,
1132 673 1373 712 summaque

165 715 326 764 pietate
354 719 398 751 te
425 713 664 752 desiderant
692 719 736 752 et
762 714 938 765 diligunt
966 719 1010 753 et
1035 713 1188 753 colunt.
1240 714 1304 752 Tu
1330 719 1374 754 et
1416 743 1417 746 η

167 780 265 805 cura
282 773 330 806 ut
346 767 483 806 valeas
502 774 546 806 et
562 773 607 806 te
623 771 743 807 istinc
760 782 813 807 ne
830 775 990 807 temere
1006 781 1275 807 commoveas·

716 938 819 978 XXI

593 1056 736 1082 CICERO
763 1055 942 1082 TORANIO

572 1145 748 1186 Ficuleae,
765 1157 873 1180 A.u.c.
891 1148 971 1181 709.
1433 1167 1442 1217 1

127 1244 145 1277 1
215 1240 320 1286 Etsi,
337 1254 431 1278 cum
445 1240 548 1279 haec
566 1241 618 1279 ad
634 1246 678 1279 te
695 1241 936 1286 scribebam,
954 1245 1027 1279 aut
1043 1240 1372 1292 appropinquare

166 1297 300 1332 exitus
336 1294 455 1332 huius
491 1295 828 1333 calamitosissimi
863 1294 960 1333 belli
996 1300 1068 1332 aut
1102 1297 1185 1332 iam
1219 1291 1373 1345 aliquid

164 1354 304 1386 actum
327 1354 370 1386 et
390 1348 625 1387 confectum
645 1349 877 1394 videbatur,
898 1354 1041 1387 tamen
1061 1348 1246 1400 quotidie
1265 1361 1373 1386 com·-
1437 1359 1442 1386 1

165 1403 446 1441 memorabam
472 1408 516 1441 te
543 1417 672 1441 unum
697 1405 739 1441 in
765 1408 884 1441 tanto
912 1405 1097 1441 exercitu
1123 1401 1222 1440 mihi
1247 1400 1373 1440 fuisse
1438 1416 1442 1438 ,¹

165 1470 421 1495 assensorem
440 1463 484 1495 et
501 1470 568 1495 me
587 1458 677 1503 tibi,
696 1457 883 1508 solosque
901 1470 974 1495 nos
991 1457 1154 1502 vidisse,
1173 1460 1372 1509 quantum

167 1516 278 1548 esset
296 1513 339 1548 in
360 1524 408 1549 eo
428 1511 537 1549 bello
556 1511 667 1557 mali,
686 1514 728 1549 in
749 1525 844 1562 quo,
864 1524 937 1562 spe
955 1513 1067 1562 pacis
1088 1510 1266 1556 exclusa,
1285 1512 1374 1560 ipsa

166 1567 335 1603 victoria
354 1564 495 1603 futura
516 1571 627 1603 esset
647 1566 921 1611 acerbissima,
942 1577 1049 1616 quae
1069 1569 1142 1603 aut
1161 1565 1374 1603 interitum

166 1618 341 1656 allatura
367 1625 492 1665 esset,
517 1622 550 1657 si
575 1622 706 1657 victus
732 1633 857 1665 esses,
882 1625 969 1665 aut,
994 1621 1027 1658 si
1050 1620 1228 1664 vicisses,
1252 1619 1373 1656 servi-

166 1678 316 1711 tutem.
372 1673 519 1724 Itaque
556 1687 648 1725 ego,
683 1687 808 1724 quem
841 1679 933 1712 tum
965 1672 1096 1711 fortes
1129 1672 1187 1710 illi
1221 1674 1295 1711 viri
1329 1676 1373 1723 et

167 1729 390 1778 sapientes,
410 1728 581 1766 Domitii
602 1734 645 1766 et
665 1727 846 1773 Lentuli,
864 1727 1056 1766 timidum
1074 1739 1163 1765 esse
1182 1725 1373 1764 dicebant

216 1859 233 1876 ⁰
254 1854 330 1888 The
357 1865 452 1889 news
482 1855 522 1888 of
547 1854 709 1888 Caesar’s
732 1856 869 1897 victory
893 1858 932 1887 at
959 1853 1100 1888 Munda
1127 1852 1199 1886 had
1227 1856 1289 1886 not
1312 1855 1372 1895 yet

167 1898 319 1936 arrived,
337 1898 403 1931 but
419 1898 506 1931 such
523 1909 619 1932 news
636 1909 708 1932 was
725 1898 824 1941 daily
841 1897 1021 1940 expected.

215 1942 228 1962 θ’
253 1941 330 1974 The
347 1941 543 1984 Pompeian
558 1953 662 1984 army
675 1945 712 1975 at
729 1942 981 1984 Dyrrachium.
1020 1940 1144 1974 Cicero
1158 1938 1271 1973 found
1284 1937 1371 1973 such

167 1985 259 2018 fault
286 1985 371 2018 with
399 1985 460 2018 the
484 1985 598 2018 whole
626 1985 781 2018 conduct
804 1985 845 2018 of
872 1985 932 2018 the
955 1996 1028 2018 war
1050 1984 1128 2018 that
1159 1983 1320 2027 Pompey
1342 1983 1372 2016 is

170 2028 248 2061 said
266 2031 303 2062 to
320 2029 410 2062 have
427 2028 558 2062 wished
577 2029 656 2062 that
672 2029 717 2062 he
732 2028 851 2062 would
867 2039 916 2071 go
932 2039 1015 2062 over
1029 2031 1068 2062 to
1083 2027 1226 2061 Caesar.

170 2084 248 2118 512
