1442 2392
672 148 876 189 CICERO

167 252 378 302 spondebo
399 255 527 304 igitur
547 256 744 304 superiori
765 257 892 305 prius,
911 257 954 292 in
974 265 1057 306 qua
1075 255 1216 294 setibis
1235 254 1290 294 ad
1306 267 1376 294 me

168 314 220 352 de
246 314 502 353 absolutione
526 318 770 354 maiestatis.
824 316 890 355 De
915 330 998 368 qua
1023 319 1102 356 etsi
1124 317 1376 369 permultum

168 382 266 415 ante
282 380 431 416 certior
441 377 575 417 faetus
592 392 704 416 eram
715 378 879 425 litteris,
891 382 1058 426 nuntiis,
1069 379 1182 418 fama
1197 378 1375 438 denique

140 445 142 447 ’
167 442 255 490 ipsa
272 439 389 492 (nihil
405 442 515 478 enim
530 439 610 479 fuit
626 441 771 480 clarius
789 454 799 488 ;
830 455 912 480 non
928 455 1009 496 quo
1025 445 1241 494 quisquam
1257 433 1376 489 aliter

167 507 370 553 putasset,
401 503 475 541 sed
514 502 614 541 nihil
654 503 706 542 de
746 505 971 556 insignibus
1003 505 1057 559 ad
1085 505 1252 549 laudem
1282 518 1374 549 vms

167 566 338 604 obscure
366 569 546 604 nuntiari
583 566 719 619 solet),
749 573 892 606 tamen
929 567 1076 607 eadem
1103 568 1174 606 illa
1203 559 1376 607 laetiora

168 626 357 666 fecerunt
382 628 482 666 mihi
508 634 606 667 tuae
632 629 813 676 litterae,
833 643 915 668 non
940 630 1071 669 solum
1097 633 1194 682 quja
1214 630 1375 681 planius

167 689 443 741 loquebantur
462 697 506 729 et
525 692 704 738 uberius,
719 705 844 743 quam
858 692 968 744 vulgi
982 704 1134 739 sermo,¹
1145 692 1219 731 sed
1233 695 1374 739 etiam,

167 755 263 803 quia
288 756 419 804 magis
447 754 615 792 videbar
641 755 716 793 tibi
742 754 954 806 gratulari,
980 769 1073 793 cum
1100 755 1152 793 de
1179 761 1224 794 te
1251 768 1303 793 ex
1326 760 1374 794 >te*

166 817 254 866 ipso
285 816 517 854 audiebam.
571 816 818 867 Complexus
848 820 974 869 igitur
1003 831 1104 863 sum?
1123 820 1373 874 cogitatione

166 883 210 916 te
238 878 481 924 absentem3
523 879 739 930 epistolam
765 893 861 918 vero
887 879 1107 927 osculatus,
1133 882 1260 932 etiam
1285 872 1373 931 ipse

165 939 264 977 mihi
289 940 521 991 gratulatus
547 955 651 981 sum.
705 941 823 990 Quae
850 945 960 980 enim
986 956 1011 981 a
1035 937 1183 982 cuncto
1206 936 1373 994 populo,

166 1016 190 1041 a
213 1009 375 1049 senatu,
400 1017 425 1041 a
446 1004 647 1043 iudicibus
670 1007 850 1056 ingenio,
872 1005 1113 1052 industriae,
1135 1008 1278 1045 virtuti
1302 1008 1373 1048 tri-

164 1065 348 1104 buuntur
379 1065 494 1117 (mihi
523 1069 612 1117 ipse
643 1074 829 1106 assentor
858 1067 1047 1115 fortasse,
1077 1082 1171 1107 cum
1201 1081 1252 1107 ea
1282 1081 1372 1107 esse

164 1130 207 1165 in
235 1141 303 1166 me
333 1127 475 1179 fingo),
503 1128 603 1166 mihi
640 1143 804 1181 quoque
843 1132 919 1181 ipsi
961 1131 1086 1169 tribui
1114 1136 1231 1182 puto.
1260 1148 1263 1157 ἰ
1285 1124 1372 1183 Nee

164 1196 251 1228 tam
276 1190 496 1241 gloriosum
522 1194 680 1230 exitum
706 1195 767 1230 tui
791 1192 914 1231 iudici
940 1195 1161 1239 exstitisse,
1185 1193 1259 1232 sed
1283 1199 1371 1233 tam

163 1266 332 1303 pravam
355 1255 610 1292 inimicorum
634 1260 798 1293 tuorum
822 1261 1008 1294 mentem
1031 1254 1156 1295 fuisse
1179 1248 1371 1295 mirabar.

165 1315 230 1353 De
256 1316 415 1354 ambitu
439 1329 535 1354 vero
560 1317 659 1368 quid
681 1320 870 1364 interest,
893 1319 1146 1369 inquies,'an
1169 1318 1221 1357 de
1245 1307 1371 1358 maie'-

164 1378 307 1416 state?
362 1378 429 1416 Ad
456 1392 544 1417 rem
570 1379 683 1418 nihil.
736 1380 927 1419 Alterum
948 1383 1058 1419 enim
1078 1394 1160 1422 non
1180 1384 1370 1433 attigisti,

164 1440 337 1478 alteram
379 1444 542 1480 auxisti.
596 1441 894 1481 Verumtamen
935 1449 999 1482 est
1039 1445 1233 1483 maiestas
1274 1444 1370 1496 (etsi

164 1502 275 1540 Sulla
313 1503 477 1549 noluit,1
517 1517 569 1542 ne
616 1507 658 1542 in
705 1508 889 1556 quemvis
935 1508 1103 1556 impune
1150 1505 1369 1544 declamari

213 1590 226 1610 ¹
249 1589 375 1629 noluit,
398 1591 582 1633 suqyested
606 1591 648 1633 by
671 1591 806 1625 Purser
828 1592 867 1625 in
892 1592 946 1625 the
971 1591 1108 1635 Oaesord
1131 1595 1213 1632 text,
1230 1594 1370 1637 qreatly

169 1633 355 1710 sgrlnpizgitef
372 1634 426 1666 che
438 1645 548 1673 sense,
561 1635 635 1668 and
646 1634 760 1668 voluit
771 1645 816 1668 ne
829 1635 948 1668 liceret
961 1635 1006 1668 M
1015 1636 1047 1669 is
1058 1636 1179 1679 surely
1191 1637 1370 1679 question-

166 1688 187 1709 α
226 1687 243 1709 e
327 1688 378 1710 m.

216 1782 231 1797 '²
257 1778 299 1810 In
314 1777 380 1810 full
396 1779 530 1812 crimen
548 1779 662 1812 laesae
682 1779 879 1812 maiestatis
898 1780 1029 1822 populi
1048 1780 1216 1819 Romani,
1233 1781 1369 1824 applic-

166 1820 248 1854 able
262 1824 325 1854 not
337 1821 423 1863 only
436 1825 474 1855 to
490 1825 566 1855 acts
589 1822 629 1855 of
648 1826 802 1862 treason,
817 1822 884 1856 but
901 1826 938 1856 to
957 1834 1031 1865 any
1045 1825 1368 1867 mismanagement

166 1863 208 1897 os
219 1864 341 1898 affairs
357 1865 473 1898 which
490 1865 643 1900 affected
659 1866 719 1900 the
735 1865 859 1909 public
874 1868 1048 1900 inter-ests.
1305 1892 1308 1896 -
1367 1887 1369 1889 ·

215 1906 228 1927 ⁶
253 1908 323 1947 zze„
345 1917 385 1941 as
407 1908 464 1941 far
490 1919 531 1942 as
558 1920 631 1952 you
655 1920 716 1943 are
738 1908 949 1949 concerned‚
965 1909 1021 1943 for
1041 1921 1114 1952 you
1137 1922 1229 1945 were
1249 1911 1368 1970 guilty

164 1950 206 1982 of
226 1951 374 1984 neither.
445 1951 530 1986 And
562 1953 607 1986 he
640 1963 726 1995 goes
758 1963 805 1985 on
836 1956 875 1986 to
905 1953 1047 1995 explain
1077 1953 1162 1997 why
1193 1955 1368 1997 Appiuss

163 1996 319 2070 errizebxrzies
337 1994 516 2037 preferred
533 1998 571 2030 to
591 1996 724 2039 charge
745 1996 820 2029 him
841 1996 927 2030 with
946 1997 1112 2030 maiestas
1135 1998 1255 2032 rather
1277 1998 1366 2033 than

162 2048 186 2070 a
243 2049 255 2070 ‘l
273 2049 327 2071 us.

168 2094 246 2128 282
