1442 2392
677 163 882 203 CICERO

177 278 284 317 quae
309 279 333 304 a
355 280 423 304 me
447 266 634 317 profecta
656 273 753 306 sunt
775 271 818 305 in
842 274 900 314 te,
924 268 1000 306 tibi
1024 268 1218 307 accidisse
1239 269 1386 320 gratis-

176 323 292 358 sima.
346 320 468 368 Quod
508 335 601 359 cum
641 324 702 360 ita
741 325 808 368 sit,
849 322 1058 373 perficiam
1097 321 1297 373 profecto,
1337 327 1386 361 ut

175 374 286 426 longi
323 377 520 425 temporis
560 389 738 421 usuram,
777 390 859 428 qua
897 380 1114 423 caruimus,
1152 379 1386 416 intermissa

176 435 316 466 nostra
363 430 661 468 consuetudine
713 435 758 469 et
802 434 937 482 gratia
982 436 1027 469 et
1072 431 1295 470 crebritate
1341 436 1387 470 et

175 483 461 534 magnitudine
483 484 705 522 officiorum
727 497 912 523 meorum
935 488 1135 531 sarciam3
1172 485 1296 537 idque
1318 498 1386 523 me

177 536 387 587 (quoniam
414 544 463 577 tu
489 541 550 576 ita
577 539 652 590 vis)
681 545 783 589 puto
811 553 893 577 non
920 542 1049 578 invita
1079 539 1268 578 Minerva
1297 551 1386 577 esse

176 590 410 637 facturum;
446 605 569 643 quam
591 593 758 643 quidem
780 606 872 644 ego,
893 596 926 631 si
946 593 1054 632 forte
1075 594 1127 632 de
1148 596 1230 632 tuis
1250 606 1388 644 sump-

177 658 282 690 sero,
318 659 399 683 non
434 646 565 684 solum
603 646 783 693 Pallada,
819 648 892 686 sed
929 650 1054 686 etiam
1094 647 1283 698 Appiada
1317 661 1388 686 no-

177 700 356 738 minabo.
410 700 528 747 Cilix,
551 701 722 739 libertus
747 708 857 748 tuus,
882 708 1006 740 antea
1029 701 1128 741 mihi
1151 705 1285 740 minus
1308 700 1389 740 fuit

178 759 299 791 notus
318 767 328 799 ;
367 755 440 792 sed
465 761 512 793 ut
536 755 635 792 mihi
658 755 839 794 reddidit
863 769 888 794 a
911 761 955 793 te
978 756 1154 802 litteras,
1177 755 1320 807 plenas
1344 761 1389 794 et

178 811 325 846 amoris
347 815 390 846 et
410 809 527 854 offici,
548 809 715 847 mirifice
736 813 823 860 ipse
844 823 917 848 suo
938 823 1125 848 sermone
1146 811 1389 849 subsecutus

178 868 243 900 est
266 862 569 901 humanitatem
593 864 825 902 litterarum
847 870 1027 904 tuarum.
1081 864 1266 903 Iucunda
1289 863 1388 902 mihi

178 919 264 954 eius
293 920 424 955 oratio
446 916 540 963 fuit,
563 931 656 956 cum
684 918 736 956 de
765 921 901 957 animo
928 925 1016 964 tuo,
1039 918 1091 957 de
1119 919 1390 964 sermonibus,

177 983 279 1021 quos
305 971 357 1008 de
383 984 450 1009 me
476 971 650 1010 haberes
676 973 876 1023 quotidie,
900 972 1000 1010 mihi
1025 978 1225 1011 narraret.
1279 972 1389 1021 Quid

177 1025 373 1075 quaeris?
426 1025 557 1064 Biduo
608 1025 741 1064 factus
798 1032 862 1065 est
916 1026 1017 1065 mihi
1065 1026 1288 1073 familiaris,
1328 1029 1389 1069 ita

177 1084 334 1125 tamen,
357 1085 405 1117 ut
428 1079 627 1118 Phaniam
649 1080 768 1118 valde
792 1083 868 1118 sim
891 1080 1226 1127 desideraturus3
1263 1092 1388 1132 quem

177 1146 269 1170 cum
290 1132 463 1171 Romam
481 1137 684 1180 remittes,
703 1135 814 1186 quod
833 1134 897 1186 (ut
914 1134 1181 1187 putabamus)
1200 1134 1390 1174 celeriter

178 1199 268 1225 eras
296 1187 493 1234 facturus,
521 1189 709 1226 omnibus
738 1191 776 1226 ei
804 1189 856 1227 de
884 1189 1021 1235 rebus,
1049 1202 1150 1241 quas
1178 1192 1260 1240 agi,
1287 1200 1389 1240 quas

177 1244 307 1279 curari
327 1255 351 1279 a
370 1255 436 1280 me
456 1242 580 1288 voles,
599 1243 797 1281 mandata
815 1243 887 1281 des
908 1243 1043 1281 velim.
1098 1243 1147 1281 L.
1165 1242 1388 1289 Valerium,

175 1296 511 1342 iureconsultum,
531 1296 649 1335 valde
678 1298 754 1335 tibi
783 1297 1054 1343 commendo3
1088 1297 1162 1336 sed
1180 1299 1242 1336 ita
1261 1299 1388 1336 etiam

175 1352 209 1387 si
246 1363 328 1387 non
365 1356 429 1388 est
465 1351 777 1389 iureconsultus.
833 1351 985 1389 Melius
1022 1354 1131 1389 enim
1168 1354 1207 1389 ei
1242 1363 1388 1390 cavere

177 1403 280 1450 volo,
304 1417 428 1455 quam
452 1407 539 1455 ipse
565 1405 651 1443 aliis
675 1405 794 1443 solet.
847 1405 978 1443 Valde
1001 1405 1210 1444 hominem
1233 1405 1387 1457 diligo:

177 1463 242 1496 est
274 1471 326 1496 ex
358 1461 461 1497 meis
494 1459 728 1498 domesticis
761 1465 888 1511 atque
920 1462 1075 1498 intimis
1105 1458 1387 1498 familiaribus.

177 1511 355 1551 Omnino
387 1514 463 1551 tibi
495 1516 582 1564 agit
613 1516 795 1564 gratias3
841 1513 915 1552 sed
946 1514 1056 1552 idem
1087 1514 1242 1560 scribit,
1271 1517 1386 1552 meas
1440 1555 1442 1557 ,

175 1565 334 1604 litteras
370 1570 597 1605 maximum
634 1568 744 1618 apud
780 1573 824 1606 te
860 1568 1020 1619 pondus
1056 1567 1282 1606 habituras.
1336 1567 1386 1606 Id
1439 1605 1442 1612 ἵ

176 1633 271 1658 eum
289 1634 342 1659 ne
361 1620 492 1668 fallat,
511 1627 555 1660 te
574 1625 702 1660 etiam
721 1628 848 1673 atque
867 1625 994 1660 etiam
1012 1635 1126 1674 rogo.
1178 1621 1233 1675 [V
1234 1620 1330 1676 ale.]

220 1715 339 1748 “Due
355 1718 392 1748 to
407 1715 468 1748 the
480 1718 746 1758 estrangement
756 1715 888 1749 caused
904 1715 955 1757 by
969 1715 1008 1748 P.
1023 1715 1182 1749 Clodius’
1183 1726 1201 1749 s
1213 1715 1380 1749 conduct.
1438 1717 1442 1768 j

223 1758 238 1779 ⁶
263 1759 286 1790 i.
289 1769 332 1798 e.,
351 1758 469 1792 “with
486 1759 534 1792 all
549 1770 612 1801 my
627 1759 729 1792 beart
746 1758 818 1792 and
837 1759 939 1799 soul,'
930 1727 1169 1793 y—Minerva
1186 1762 1382 1803 represent·
1438 1778 1442 1805 ³

177 1812 240 1843 'ng
224 1801 352 1877 Ἐπ’]
351 1802 522 1888 {inelffi}
538 1802 982 1888 ³2⁶⁵11315¹t¹f¹51¹113³1¹¹³¹3351⁸
997 1845 1146 1879 become
1178 1843 1377 1888 ,Nossessed
1435 1806 1442 1846 ³³

176 1887 281 1920 throu
283 1855 425 1930 o18?le
418 1888 576 1928 Clodius,
586 1856 639 1922 {11³³
655 1889 717 1922 the
737 1892 854 1922 statue
874 1888 915 1922 of
934 1889 1099 1922 Minerva
1119 1856 1235 1922 whipch
1256 1888 1380 1923 Cicero

175 1930 247 1963 had
268 1931 454 1965 dedicated
477 1932 598 1965 before
619 1932 663 1965 he
684 1936 778 1965 went
799 1934 874 1966 into
895 1933 995 1971 exile,
1017 1931 1089 1966 and
1110 1932 1155 1965 he
1175 1932 1259 1966 here
1278 1933 1378 1975 gives

175 1974 317 2016 Appius
330 1985 352 2007 a
390 1975 484 2008 entle
498 1975 576 2008 hint
588 1975 666 2008 that
679 1975 725 2008 he
734 1975 852 2009 would
866 1975 939 2009 like
951 1979 990 2009 to
1003 1976 1095 2009 have
1108 1977 1135 2008 it
1148 1974 1243 2008 back
1255 1976 1377 2018 again,

170 2017 243 2049 and
266 2019 301 2050 in
322 2028 365 2050 ac
395 2018 680 2061 nowledgement
695 2018 736 2052 of
753 2020 798 2052 its
819 2020 1019 2053 restitution
1035 2017 1153 2052 would
1169 2018 1240 2053 call
1259 2020 1299 2058 it,
1314 2021 1378 2053 not

173 2059 289 2093 Pallas
304 2061 455 2100 Athene.
469 2061 534 2095 but
551 2062 669 2096 Pallas
687 2062 837 2105 Appias.
884 2061 1034 2104 Tyrrell.
1126 2062 1143 2084 ⁴
1176 2061 1262 2096 Vide
1279 2062 1302 2096 i.
1322 2063 1376 2096 10.

180 2112 253 2150 166
