1442 2392
703 123 906 164 CICERO

202 241 283 279 que
316 228 470 267 habeas
504 228 775 267 firmissimam
807 235 978 281 propter
1011 243 1081 270 eas
1113 244 1272 280 causas,
1302 244 1408 285 quas

202 307 355 356 scripsi.
409 303 448 344 A
471 318 538 343 me
561 318 658 344 vero
682 306 758 344 tibi
782 309 919 344 omnia
941 306 1162 359 liberisque
1184 310 1268 347 tuis
1290 308 1409 360 pah-8⁴·

201 383 359 420 tissima
389 395 478 420 esse
508 381 687 420 confidas
717 382 853 422 velim.
908 383 957 422 Id
995 386 1105 422 enim
1142 389 1187 423 et
1222 390 1408 431 vetustas

202 461 330 496 nostri
358 461 520 504 amoris,
550 464 593 496 et
622 472 715 496 mea
747 460 1001 498 consuetudo
1029 462 1075 498 in
1100 473 1227 507 meos,
1257 466 1303 500 et·
1323 466 1408 501 tua

201 533 333 572 multa
353 547 452 586 erga
470 548 536 573 me
556 535 697 581 officia,
717 536 943 586 postulant.

771 713 829 753 VI

488 828 537 856 Μ.
565 829 706 855 CICERO
734 830 766 856 S.
795 830 835 857 D.
862 831 901 856 A.
929 831 1123 858 CAECINAE

621 918 770 958 Romae,
788 931 894 954 A.u.c.
913 922 991 953 708.

165 1017 183 1051 1
254 1012 421 1059 Vereor,
442 1026 494 1050 ne
515 1013 722 1051 desideres
742 1013 917 1052 officium
936 1027 1089 1061 meum,
1109 1014 1220 1066 quod
1239 998 1408 1068 tibifpr'o

203 1095 342 1127 nostra
364 1095 408 1127 et
428 1092 669 1128 meritorum
690 1090 912 1128 multorum
935 1095 980 1129 et
1000 1090 1228 1130 studiorum
1248 1094 1409 1144 parium

202 1168 487 1204 coniunctione
513 1166 659 1204 deesse
684 1179 766 1204 non
791 1166 947 1212 debet3
987 1167 1061 1206 sed
1085 1172 1227 1206 tamen
1250 1180 1408 1215 vereor,

203 1256 255 1280 ne
272 1242 504 1281 litterarum
521 1256 546 1280 a
563 1256 630 1281 me
647 1242 821 1281 officium
838 1246 1036 1295 requiras,
1054 1257 1155 1295 quas
1172 1245 1248 1283 tibi
1266 1250 1310 1284 et
1327 1235 1409 1285 iam

201 1319 361 1370 pridem
387 1324 431 1357 et
455 1332 579 1370 saepe
604 1321 819 1365 misissem,
844 1322 934 1365 nisi,
959 1320 1144 1371 quotidie
1169 1320 1314 1359 melius
1339 1332 1410 1360 ex-

202 1401 407 1446 spectans,
427 1395 748 1446 gratulationem
769 1409 894 1447 quam
914 1395 1264 1435 confirmationem
1284 1389 1408 1453 animi

202 1474 263 1510 tui
276 1471 492 1522 complecti
504 1471 653 1510 litteris
666 1472 914 1511 maluissem.
954 1472 1086 1519 Nunc,
1095 1478 1142 1511 ut
1154 1454 1409 1525 spermboevi

202 1547 512 1599 gratulabimur.
569 1547 717 1599 Itaque
741 1550 783 1586 in
803 1548 914 1587 aliud
939 1553 1104 1600 tempus
1127 1549 1170 1588 id
1192 1547 1408 1602 argumen-

162 1629 183 1661 2
202 1630 292 1663 tum
325 1623 523 1675 epistolae
555 1623 712 1663 differo.
766 1624 841 1662 His
872 1630 1015 1663 autem
1046 1623 1195 1664 litteris
1226 1609 1409 1677 animum

202 1706 335 1746 tuum,
365 1713 488 1752 quem
521 1702 689 1738 minime
722 1700 971 1738 imbecillum
1003 1714 1094 1739 esse
1128 1706 1172 1739 et
1209 1701 1331 1740 audio
1364 1700 1409 1741 et

202 1790 334 1828 spero,
360 1779 437 1815 etsi
466 1790 548 1815 non
576 1779 879 1827 sapientissimi,
903 1781 948 1815 at
976 1776 1207 1816 amicissimi
1235 1775 1408 1822 hominis

201 1856 449 1891 auctoritate
472 1853 796 1891 confirmandum
821 1855 947 1891 etiam
973 1859 1100 1904 atque
1127 1856 1254 1893 etiam
1279 1836 1407 1906 puto}

201 1943 276 1987 nec
295 1932 342 1967 iis
362 1930 529 1981 quidem
548 1930 696 1975 verbis,
717 1930 863 1980 quibus
883 1935 926 1967 te
946 1930 1129 1968 consoler
1148 1935 1195 1968 ut
1213 1928 1407 1968 afflictum

202 2011 246 2044 et
275 2009 356 2043 iam
386 2008 496 2044 omni
525 2018 599 2057 spe
628 2005 771 2044 salutis
801 2006 1006 2052 orbatum,
1035 2005 1110 2044 sed
1138 2010 1186 2044 ut
1215 2018 1343 2054 eum,
1352 2006 1406 2046 de

202 2072 278 2107 452
