1442 2392
699 132 902 173 CICERO

193 241 385 283 mortem,
410 249 535 288 quam
559 239 686 276 etiam
709 237 823 276 beati
846 242 1112 276 contemnere
1134 234 1403 290 debebamus,

193 313 415 358 propterea
437 308 548 360 quod
570 308 726 346 nullum
748 321 914 347 sensum
937 313 1048 347 esset
1068 307 1274 353 habitura,
1294 308 1404 345 mmo

194 380 251 416 sic
266 377 403 417 affecti
417 392 501 417 non
514 379 637 418 modo
652 384 918 417 contemnere
933 379 1173 425 debeamus,
1187 377 1262 416 sed
1275 371 1402 433 ,etim

194 454 352 499 optare.
406 449 483 496 Tu,
513 452 547 488 si
579 463 647 488 me
677 449 826 501 diligis,
854 449 990 488 fruere
1020 452 1100 488 isto
1130 451 1216 488 otio
1241 433 1401 500 tibiq¹ue

193 519 411 570 persuade,
434 525 601 570 praeter
622 526 840 571 peccatum
864 534 911 558 ac
933 520 1110 571 culpam,
1136 532 1219 571 qua
1239 531 1402 569 semper

192 593 359 629 caruisti
380 596 425 629 et
445 591 617 637 carebis,
637 590 791 629 homini
812 590 996 629 accidere
1017 590 1117 628 nihil
1136 602 1271 642 posse,
1290 587 1402 642 quod

193 663 246 699 sit
267 660 459 699 horribile
481 667 555 700 aut
574 662 964 712 pertimescendum.
1017 661 1122 713 Ego,
1142 663 1176 700 si
1196 655 1402 713 videbitur

192 737 304 770 recte
320 732 407 770 fieri
419 745 554 783 posse,
568 733 621 771 ad
634 739 677 771 te
691 736 854 771 veniam
866 733 980 771 brevi
998 744 1008 778 3
1035 735 1069 770 si
1082 732 1182 784 quid
1194 730 1401 778 acciderit,

192 808 240 840 ut
277 803 524 841 mutandum
562 803 773 842 consilium
811 806 879 849 sit,
917 808 960 841 te
998 805 1215 841 certiorem
1252 801 1400 854 faciam

192 876 348 912 statim.
401 873 463 912 Tu
484 877 545 912 ita
564 873 630 912 fac
650 874 821 925 cupidus
842 877 925 912 mei
945 873 1111 912 videndi
1130 876 1199 920 sis,
1213 878 1261 912 ut
1279 875 1400 931 istinc

191 950 235 983 te
252 957 305 982 ne
320 958 486 983 moveas
502 950 590 983 tam
605 944 766 983 infirma
780 944 1032 990 valetudine,
1046 947 1123 983 nisi
1139 957 1192 982 ex
1206 957 1274 982 me
1288 945 1400 995 prius

192 1018 415 1066 quaesieris
447 1029 522 1066 per
553 1015 727 1062 litteras,
760 1015 859 1067 quid
890 1020 935 1054 te
968 1014 1089 1053 velim
1121 1013 1272 1053 facere.
1325 1012 1400 1052 Me

192 1085 327 1132 velim,
357 1092 405 1124 ut
433 1085 547 1132 facis,
576 1086 721 1137 diligas
751 1085 1059 1139 valetudinique
1088 1091 1187 1124 tuae
1216 1090 1262 1124 at
1289 1090 1401 1125 tran-

190 1156 386 1209 quillitati
402 1159 527 1195 animi
542 1160 709 1198 servias.
1335 1140 1337 1148 ¹

197 2083 276 2117 424
