1442 2392
147 1391 169 1423 4

689 142 892 180 CICERO

187 246 504 294 imperitissimo,
529 245 637 283 fideli
663 245 829 296 quidem
855 251 899 283 et
923 244 1122 284 benevolo
1145 250 1273 291 certe,
1297 257 1392 283 usus

189 311 327 337 esses:
373 313 621 351 quamquam
654 305 727 337 tua
758 300 925 351 quidem
956 313 1092 346 causa,
1123 305 1167 339 te
1200 312 1289 338 esse
1319 301 1393 337 im·

187 359 422 403 peratorem
459 357 790 405 provinciamque
829 354 936 392 bene
974 356 1102 405 gestis
1139 354 1262 392 rebus
1300 366 1394 392 cum

190 411 374 446 exercitu
413 411 564 447 victore
602 409 804 454 obtinere,
842 414 890 447 ut
926 408 1074 454 debeo,
1110 407 1269 447 laetor:
1320 407 1394 446 sed

189 467 316 508 certe,
337 465 407 513 qui
427 463 502 500 tibi
523 476 574 500 ex
595 476 661 500 me
682 462 838 501 fructus
858 463 1078 508 debentur,
1098 475 1167 501 eos
1187 463 1394 501 uberiores

191 521 235 554 et
263 519 562 566 praesentiores
590 530 784 568 praesens
813 530 960 568 capere
988 519 1206 568 potuisses.
1259 515 1308 555 In
1337 517 1394 554 eis

191 583 286 608 vero
329 571 582 617 ulciscendis,
625 585 726 623 quos
769 572 845 610 tibi
887 574 1039 622 partim
1080 573 1263 610 inimicos
1305 582 1395 609 esse

189 625 395 677 intellegis
408 631 578 676 propter
593 632 707 664 tuam
721 628 1093 677 propugnationem
1106 625 1249 664 salutis
1262 635 1396 670 meae,

190 682 341 729 partim
364 680 547 718 invidere
570 686 739 731 propter
761 680 866 718 illius
890 682 1060 718 actionis
1084 679 1397 731 amplitudinem

192 739 236 772 et
255 734 440 784 gloriam,
459 734 673 772 mirificum
694 748 760 772 me
781 735 857 773 tibi
876 737 1070 773 comitem
1089 733 1370 785 praebuissem
1383 745 1397 779 .;

192 801 442 839 quamquam
465 788 532 827 ille
555 791 746 839 perennis
768 790 954 827 inimicus
978 791 1200 827 amicorum
1218 796 1398 832 suorum,

193 844 277 893 qui,
294 845 375 881 tuis
392 846 580 881 maximis
598 843 806 881 beneficiis
822 849 1005 889 ornatus,
1020 845 1063 881 in
1081 848 1125 881 te
1140 843 1394 894 potissimum

193 895 366 935 fractam
404 897 515 935 illam
556 903 600 936 et
638 897 897 936 debilitatam
936 899 1018 935 vim
1056 910 1172 936 suam
1211 892 1398 942 contulit,

193 956 376 989 nostram
409 955 539 989 vicem
574 951 683 990 ultus
719 957 783 990 est
816 955 903 1002 ipse
938 965 1042 990 sese.
1095 951 1158 990 Ea
1191 956 1256 989 est
1290 952 1399 990 enim

192 1011 378 1052 conatus,
405 1007 552 1057 quibus
578 1005 812 1057 patefactis,
839 1005 992 1044 nullam
1018 1005 1094 1044 sibi
1121 1008 1163 1043 in
1188 1011 1399 1056 posterum

194 1073 275 1098 non
292 1060 414 1098 modo
431 1061 658 1112 dignitatis,
676 1061 749 1099 sed
765 1073 817 1098 ne
834 1060 1037 1099 libertatis
1055 1060 1222 1111 quidem
1237 1064 1400 1111 partem

194 1114 374 1165 reliquit.
426 1115 485 1152 Te
531 1121 672 1154 autem
717 1117 795 1153 etsi
838 1114 1004 1152 mallem
1047 1117 1089 1152 in
1133 1117 1235 1152 meis
1278 1113 1400 1159 rebus

195 1175 428 1219 expertum,
459 1183 583 1221 quam
614 1172 740 1207 etiam
770 1171 813 1207 in
843 1172 938 1215 tuis,
969 1174 1112 1207 tamen
1140 1171 1184 1207 in
1212 1167 1402 1220 molestia

193 1223 370 1274 gaudeo,
386 1237 478 1262 eam
494 1223 618 1262 fidem
633 1237 828 1275 cognosse
844 1223 1068 1269 hominum,
1083 1236 1165 1262 non
1179 1225 1240 1261 ita
1250 1228 1402 1274 magna

194 1278 400 1323 mercede,
426 1291 549 1330 quam
575 1291 653 1329 ego
679 1280 858 1316 maximo
883 1277 1022 1316 dolore
1047 1290 1281 1329 cognoram.
1333 1275 1400 1314 De

195 1345 277 1383 qua
294 1334 454 1371 ratione
474 1339 565 1370 tota
583 1335 665 1370 iam
684 1332 847 1370 videtur
865 1331 964 1370 mihi
985 1332 1217 1383 exponendi
1237 1337 1322 1370 tem
1354 1343 1401 1369 us

196 1387 297 1432 dari,
323 1393 370 1425 ut
408 1387 484 1425 tibi
509 1387 730 1425 rescribam
756 1386 809 1424 ad
847 1399 910 1432 ea,
937 1399 1043 1438 quae
1077 1388 1252 1437 quaeris.
1340 1397 1402 1424 er·

195 1443 343 1479 tiorem
372 1446 415 1479 te
444 1454 518 1492 per
546 1441 705 1479 litteras
734 1441 873 1479 scribis
903 1454 992 1479 esse
1021 1439 1191 1486 factum,
1215 1452 1282 1478 me
1308 1453 1401 1478 cum

194 1494 369 1534 Caesare
392 1501 436 1533 et
463 1509 557 1534 cum
586 1495 721 1546 Appio
744 1508 833 1533 esse
861 1498 904 1533 in
931 1498 1079 1547 gratia,
1102 1501 1230 1546 teque
1251 1493 1295 1532 id
1320 1505 1402 1532 non

247 1645 262 1661 ‘⁸
285 1641 361 1674 The
388 1641 464 1675 title
490 1641 563 1674 had
590 1641 682 1674 been
708 1642 815 1684 given
842 1641 916 1674 him
943 1640 1000 1674 for
1026 1651 1126 1674 some
1151 1650 1291 1674 success
1317 1650 1402 1675 over

199 1684 415 1727 marauding
431 1685 539 1718 tribes
556 1687 593 1718 in
611 1685 665 1718 his
682 1686 862 1728 province,
879 1695 919 1718 as
936 1686 963 1718 it
980 1695 1051 1718 was
1068 1683 1278 1717 afterwards
1294 1685 1402 1727 given

199 1731 236 1761 to
253 1727 376 1762 Cicero
393 1727 546 1767 himself,
564 1729 667 1761 when
684 1728 875 1771 proconsul
892 1727 932 1762 of
945 1728 1005 1761 the
1021 1739 1120 1761 same
1136 1729 1316 1770 province.

245 1772 258 1793 ⁶
279 1771 355 1805 The
366 1782 496 1815 person
507 1772 591 1805 thus
601 1771 827 1815 stigmatized
842 1773 870 1805 is
884 1775 976 1805 most
985 1771 1165 1814 probably
1174 1771 1235 1804 the
1246 1771 1402 1812 tribune,

202 1814 243 1848 C.
267 1815 369 1854 Cato,
389 1816 471 1848 who
494 1815 566 1848 had
590 1815 780 1858 proposed'
799 1814 1004 1848 Lentulus’s
1023 1814 1130 1848 recall
1151 1814 1247 1847 from
1266 1814 1402 1854 Cilicia,

201 1858 272 1891 and
301 1859 486 1892 otherwise
515 1858 676 1892 behaved
709 1859 976 1902 outrageously.
1035 1858 1070 1892 It
1097 1868 1166 1892 can
1198 1857 1328 1900 hardly
1359 1858 1404 1892 be

201 1902 343 1944 Appius
359 1902 532 1936 Claudius
549 1902 712 1941 Pulcher,
726 1903 811 1935 with
828 1902 947 1935 whom
959 1901 1034 1945 just
1051 1901 1164 1935 below
1179 1901 1211 1943 (5
1227 1902 1264 1945 4)
1280 1901 1404 1935 Cicero

202 1945 343 1979 records
367 1946 427 1979 the
452 1945 604 1979 renewal
629 1945 669 1978 of
697 1946 752 1978 his
777 1945 988 1988 friendship,
1013 1945 1084 1979 still
1110 1945 1179 1979 less
1203 1955 1273 1979 can
1302 1946 1331 1978 it
1358 1944 1405 1979 be

202 1988 373 2031 Pompey,
401 1990 462 2023 the
489 1989 604 2023 whole
637 1989 738 2022 letter
768 1989 878 2032 being
904 1989 1060 2023 Cicero's
1088 1987 1237 2022 defence
1273 1987 1316 2023 of
1349 1988 1405 2024 his

203 2033 468 2066 reconciliation
486 2033 571 2066 with
587 2033 647 2066 the
663 2033 856 2066 triumvirs.

204 2090 254 2124 48
