1442 2392
654 129 858 169 CICERO

156 240 384 288 oppugnat.
437 234 518 273 Res
551 236 687 286 agitur
716 247 791 285 per
822 233 989 272 eosdem
1019 233 1256 281 creditores,
1285 247 1359 286 per

156 314 272 353 quos,
295 313 388 339 cum
409 305 458 338 tu
481 299 639 345 aderas,
662 299 876 351 agebatur.
931 298 1055 351 Regis
1077 312 1213 347 causa,
1235 302 1269 339 si
1290 303 1360 352 qui

157 371 266 412 sunt,
306 367 375 417 qui
413 364 555 410 velint,
592 366 662 415 qui
699 366 818 415 pauci
856 369 966 410 sunt,
1003 377 1145 403 omnes
1181 378 1270 403 rem
1309 365 1362 404 ad

159 431 400 482 Pompeium
418 428 569 468 deferri
587 428 742 467 volunt.
796 428 971 467 Senatus
989 429 1194 481 religionis
1212 429 1362 469 calum-

159 500 269 535 niam
291 508 374 534 non
393 494 606 547 religione,
627 494 702 533 sed
722 493 1011 533 malevolentia
1033 500 1078 533 et
1097 494 1204 534 illius
1223 497 1362 547 regiae

109 568 130 601 2
155 561 382 613 largitionis
420 559 573 598 invidia
610 560 864 611 comprobat.
917 558 1158 611 Pompeium
1197 565 1242 599 et
1273 560 1364 599 hor-

161 629 240 666 tari
264 631 309 665 et
332 638 447 664 orare
472 630 517 663 et
539 627 622 663 iam
644 624 810 663 liberius
834 637 1023 663 accusare
1047 630 1091 664 et
1113 638 1296 672 monere,
1317 631 1365 665 ut

160 705 355 744 magnam
401 689 613 728 infamiam
660 689 808 742 fugiat,
854 703 937 728 non
984 689 1231 729 desistimus.
1283 689 1366 730 Sed

160 757 283 809 plane
330 769 406 794 nec
453 756 641 806 precibus
688 757 851 801 nostris,
897 768 974 793 nec
1021 755 1367 795 admonitionibus

161 822 328 874 reliquit
357 821 506 859 locum.
561 819 668 858 Nam
699 833 792 858 cum
821 822 865 858 in
895 833 1082 858 sermone
1110 810 1367 872 Quotidiano,

163 893 254 926 tum
271 890 315 924 in
332 892 480 925 senatu
497 884 635 937 palam
654 887 710 923 sic
729 887 817 937 egit
834 897 999 923 causam
1017 890 1148 932 tuam,
1166 891 1215 924 ut
1231 881 1367 938 n'eque

166 953 404 1004 eloquentia
433 953 587 989 maiore
618 953 849 1002 quisquam,
878 963 1016 1002 neque
1045 953 1264 1002 gravitate,
1292 964 1370 991 nec

168 1017 319 1062 studio,
338 1030 416 1055 nec
438 1018 704 1055 contentione
729 1028 853 1067 agere
875 1017 1073 1067 potuerit,
1091 1028 1186 1055 cum
1211 1028 1370 1057 simma

166 1082 456 1122 testificatione
479 1087 644 1119 tuorum
664 1083 709 1119 in
729 1093 773 1119 se
795 1080 1026 1119 officiorum
1038 1083 1251 1120 etsamoris
1272 1092 1371 1147 erga

167 1154 212 1187 te
253 1149 329 1186 sui.
384 1146 670 1184 Marcellinum
711 1145 806 1185 tibi1
847 1158 936 1184 esse
977 1148 1128 1184 iratum
1169 1146 1270 1184 scis.
1330 1145 1371 1186 Is

168 1219 324 1258 tamen,
347 1211 425 1250 hae
444 1214 562 1263 regia
585 1223 708 1249 causa
731 1215 922 1262 excepta,
946 1212 1094 1249 ceteris
1116 1213 1159 1248 in
1181 1211 1304 1250 rebus
1326 1224 1371 1250 se

170 1279 411 1316 acerrimum
430 1278 492 1315 tui
511 1274 771 1314 defensorem
789 1274 877 1313 fore
895 1259 1092 1314 ostendit.
1145 1274 1268 1324 Quod
1284 1275 1372 1323 dat,

171 1345 418 1394 accipimus,
468 1341 579 1393 quod
610 1343 792 1380 instituit
823 1339 981 1379 referre
1012 1340 1065 1379 de
1086 1339 1296 1392 religione
1328 1347 1373 1382 et

120 1414 141 1448 3
169 1421 293 1459 saepe
322 1410 404 1445 iam
431 1406 589 1452 retulit,
620 1407 672 1444 ab
706 1419 755 1444 eo
789 1405 937 1444 deduci
970 1419 1054 1445 non
1085 1411 1239 1457 potest.
1292 1405 1373 1446 Res

173 1479 270 1512 ante
310 1472 407 1511 Idus
445 1477 539 1510 acta
575 1474 632 1510 sic
669 1477 897 1518 est,—nam
933 1470 1036 1510 haee
1074 1470 1215 1509 Idibus
1252 1483 1374 1515 mane

173 1539 325 1590 scripsi,
351 1537 547 1576 Hortensi
577 1542 621 1575 et
647 1538 743 1575 mea
771 1541 816 1575 et
844 1534 1002 1576 Luculli
1030 1538 1238 1574 sententia
1264 1536 1376 1576 cedit

172 1603 359 1655 religioni
395 1602 447 1641 de
486 1604 670 1640 exercitu
707 1601 858 1654 (teneri
893 1603 1004 1639 enim
1037 1613 1104 1639 res
1131 1600 1259 1639 'aliter
1293 1614 1385 1641 non'
1402 1609 1416 1615 ·

173 1667 343 1719 potest),
380 1667 454 1705 sed
491 1680 542 1704 ex
578 1666 646 1704 illo
683 1664 1050 1712 senatusconsulto,
1087 1664 1199 1717 quod
1233 1671 1278 1704 te
1308 1668 1376 1705 ‘re-

223 1753 236 1772 1
260 1753 335 1794 regi
356 1752 560 1785 Corradus-³.
592 1751 729 1784 tibicini
746 1750 785 1793 (“
801 1750 855 1784 the
871 1750 973 1793 royal
983 1749 1240 1793 flute—playor’
1243 1749 1301 1792 ’‘)
1285 1761 1318 1783 u
1334 1761 1381 1783 an

177 1796 361 1838 inqenious
388 1796 584 1837 conjecture
613 1795 715 1828 based
743 1805 788 1827 (m
817 1794 871 1827 the
898 1794 964 1828 tibi
992 1793 1036 1836 os
1058 1793 1112 1827 the
1141 1801 1231 1833 uss„
1259 1793 1381 1834 which,

177 1840 364 1882 especially
378 1840 462 1872 with
476 1839 582 1872 Reid'
584 1850 602 1872 ε
618 1839 789 1872 insertion
804 1837 848 1881 os
857 1841 977 1871 tamen
993 1838 1032 1870 in
1049 1837 1103 1871 the
1117 1841 1199 1871 necet
1213 1841 1380 1878 sentence,

175 1887 334 1926 present-3
350 1894 396 1916 πο
413 1883 595 1926 difficulty.

388 1997 404 2013 ⁰
428 1992 562 2027 Consul
575 1993 633 2047 'for
649 1991 710 2026 the
725 2003 822 2035 year.
870 1990 940 2027 See
955 1994 1040 2025 next
1055 1990 1170 2026 letter.

176 2058 202 2092 4
