1442 2392
688 131 892 171 CICERO

182 237 376 275 laudandi
395 243 469 275 aut
485 237 620 275 locum
638 237 726 275 dari
744 249 754 283 3
787 237 924 275 studia
941 236 1042 274 mihi
1060 249 1202 275 eorum
1218 236 1396 288 placere,

183 319 294 371 quod
329 322 373 357 in
408 324 452 358 te
489 319 597 357 bene
633 321 782 357 merito
819 321 927 370 grati
965 324 1104 357 essent
1122 319 1142 365 ;¹
1183 317 1396 358 consilium

182 406 319 439 totum
340 401 468 439 videri
487 403 655 439 minime
676 403 965 439 necessarium.
1020 400 1061 438 Si
1081 405 1223 439 autem
1242 399 1398 439 vellent

182 483 391 521 declarare
423 485 466 521 in
498 496 548 521 eo
581 483 756 521 officium
788 496 922 529 suum,
953 482 1218 521 laudaturum
1248 495 1332 528 me,
1362 483 1396 520 si

182 568 252 616 qui
290 579 363 604 suo
388 571 557 616 sumptu
593 564 759 603 functus
785 570 896 604 esset
927 565 1070 611 officio,
1094 574 1396 608 concessurum3

181 649 215 718 s·i
259 646 461 698 legitimo,
499 661 582 685 non
626 649 934 698 permissurum,
972 649 1006 685 si
1046 646 1222 685 infinito.
1285 642 1395 694 Quid

182 731 292 766 enim
315 729 562 780 reprehendi
584 734 739 780 potest,
763 732 839 767 nisi
863 729 974 780 quod
997 728 1127 775 addis,
1150 730 1281 767 visum
1304 738 1394 765 esse

182 811 427 862 quibusdam
460 811 642 850 edietum
673 824 813 849 meum
845 813 962 862 quasi
993 810 1179 850 consulto
1211 809 1266 848 ad
1293 811 1394 848 istas

180 891 410 944 legationes
434 892 719 944 impediendas
745 906 835 931 esse
861 891 1250 931 accommodatum?
1304 890 1394 929 Iam

181 987 264 1012 non
289 980 377 1012 tam
402 974 503 1012 mihi
528 974 721 1013 videntur
744 977 934 1012 iniuriam
959 973 1111 1020 facere,
1136 975 1170 1012 si
1196 975 1266 1025 qui
1291 971 1394 1010 haec

179 1053 409 1104 disputant,
425 1067 550 1105 quam
566 1056 598 1092 si
615 1056 728 1092 cuius
745 1067 864 1092 aures
881 1053 934 1092 ad
949 1053 1054 1091 hane
1069 1053 1392 1104 disputationem

179 1141 343 1186 patent.
396 1135 551 1174 Romae
590 1138 801 1187 composui
839 1135 1049 1174 edictum:
1101 1133 1202 1173 nihil
1239 1132 1392 1178 addidi,

180 1219 256 1255 nisi
276 1217 387 1269 quod
404 1217 612 1268 publicani
632 1230 699 1255 me
718 1223 931 1268 rogarunt,
951 1230 1044 1255 cum
1064 1215 1232 1255 Samum
1252 1215 1306 1254 ad
1323 1227 1390 1253 me

177 1302 401 1345 venissent,
435 1305 484 1338 ut
517 1299 570 1338 de
604 1305 677 1338 tuo
712 1299 848 1338 edicto
882 1298 1059 1338 totidem
1093 1298 1227 1337 verbis
1260 1303 1391 1347 trans-

177 1379 328 1419 ferrem
344 1383 388 1419 in
404 1395 558 1419 meum.
612 1381 938 1432 Diligentissime
955 1383 1152 1432 scriptum
1169 1384 1295 1431 eaput
1309 1383 1389 1425 est,

178 1463 289 1514 quod
325 1466 510 1515 pertinet
549 1463 602 1501 ad
638 1463 882 1501 minuendos
920 1468 1109 1514 sumptus
1147 1464 1389 1508 civitatum;

178 1558 260 1596 quo
283 1548 326 1583 in
351 1548 488 1596 capite
513 1551 611 1584 sunt
636 1545 841 1597 quaedam
866 1559 972 1583 nova
996 1544 1192 1583 salutaria
1214 1545 1389 1582 civitati-

177 1627 268 1674 bus,
296 1628 443 1679 quibus
472 1641 551 1679 ego
578 1641 730 1679 magno
758 1640 882 1678 opere
910 1626 1107 1666 delector.
1161 1625 1251 1664 Hoc
1277 1638 1388 1672 vero,

177 1721 230 1747 ex
258 1722 339 1761 quo
367 1711 541 1760 suspicio
569 1715 669 1747 nata
697 1715 775 1755 est,
802 1722 869 1747 me
898 1711 1123 1760 exquisisse
1151 1707 1319 1759 aliquid,
1344 1709 1388 1745 in

177 1804 259 1843 quo
294 1797 338 1830 te
374 1790 641 1838 offenderem,
676 1791 926 1830 tralaticium
962 1796 1040 1829 est.
1094 1790 1241 1842 Neque
1277 1791 1387 1828 enim

178 1886 290 1911 eram
325 1879 412 1912 tam
448 1873 668 1924 desipiens,
703 1878 752 1911 ut
785 1876 971 1924 privatae
1006 1875 1066 1911 rei
1101 1885 1224 1911 causa
1257 1871 1386 1923 legari

176 1961 381 2006 putarem,
398 1958 468 2007 qui
484 1961 528 1994 et
543 1956 619 1994 tibi
635 1968 717 1993 non
731 1957 906 2006 privato,
922 1960 967 1993 et
980 1968 1055 2006 pro
1069 1967 1114 1993 re
1130 1967 1213 1992 non
1225 1956 1386 2005 privata

183 2071 264 2106 200
