1442 2392
712 143 916 184 CICERO

211 261 302 287 esse
320 250 496 287 scribere
515 249 568 288 ad
584 254 643 295 te,
661 252 791 301 magis
809 255 857 288 ut
874 249 1104 289 consolarer
1119 248 1271 290 fortem
1289 252 1416 290 virum

211 325 339 370 atque
365 322 609 371 sapientem,
634 334 759 372 quam
783 326 831 359 ut
856 319 1113 372 exploratam
1137 316 1253 374 Spem
1277 321 1418 361 salutis

213 391 489 437 ostenderem,
515 394 591 429 nisi
618 405 710 430 eam
736 405 860 443 quarn
885 393 939 430 ab
963 395 1053 444 ipsa
1076 378 1418 444 republicajcum

213 461 277 499 hic
295 462 415 500 ardor
431 465 652 500 restinctus
671 468 795 509 esset,
814 466 968 514 sperari
985 469 1176 514 oportere
1194 475 1418 502 censerem.

214 531 443 571 Recordare
467 538 560 571 tuas
582 533 758 579 litteras,
781 534 928 585 quibus
952 539 997 572 et
1018 547 1215 586 magnum
1238 536 1419 572 animum

214 603 313 642 mihi
337 617 499 654 semper
523 604 754 651 ostendisti,
779 610 823 643 et
846 605 901 644 ad
923 618 1065 644 omnes
1088 618 1205 644 casus
1227 596 1419 651 ferendos

214 680 474 713 constantem
507 688 555 713 ac
587 681 807 726 paratum;
857 676 969 727 quod
1002 689 1080 727 ego
1113 688 1197 714 non
1228 676 1419 721 mirabar,

213 758 307 783 cum
327 746 576 792 recordarer,
596 751 641 784 te
663 751 708 785 et
728 759 752 784 a
771 749 911 798 primis
932 747 1186 798 temporibus
1206 748 1358 786 aetatis
1377 747 1419 784 in

213 816 423 867 republica
445 830 534 855 esse
555 823 778 863 versatum,
801 823 845 856 et
866 823 959 856 tuos
981 820 1247 869 magistratus
1268 819 1312 856 in
1331 819 1420 869 ipsa

215 887 446 925 discrimina
495 888 683 926 incidisse
733 888 874 926 salutis
923 887 1264 940 fortunarumque
1312 901 1420 927 com-

213 961 412 1004 munium,
431 964 475 997 et
492 961 535 996 in
551 959 628 998 hoc
645 961 780 1010 ipsum
796 959 951 997 bellum
969 972 1059 998 esse
1077 961 1320 1011 ingressum,
1337 971 1419 998 non

213 1029 357 1076 solum,
370 1032 432 1068 uti
444 1032 572 1068 victor
583 1030 745 1076 beatus,
758 1030 832 1068 sed
845 1032 986 1076 etiam,
999 1035 1060 1076 ut,
1073 1033 1106 1068 si
1118 1032 1178 1069 ita
1190 1029 1418 1076 accidisset,

173 1106 196 1139 5
213 1104 344 1138 victus
363 1106 411 1139 ut
430 1104 591 1152 sapiens
612 1114 735 1140 esses.
790 1101 967 1147 Deinde,
987 1114 1081 1139 cum
1099 1101 1282 1139 studium
1300 1106 1418 1140 tuum

213 1185 426 1210 consumas
456 1175 498 1209 in
527 1175 703 1210 virorum
731 1171 900 1210 fortium
928 1171 1048 1210 factis
1076 1173 1299 1210 memoriae
1326 1183 1418 1223 pro-

213 1242 372 1288 dendis,
403 1243 660 1281 considerare
691 1243 832 1289 debes,
863 1242 964 1282 nihil
1005 1243 1082 1281 tibi
1113 1255 1203 1282 esse
1233 1243 1418 1290 commit-

213 1314 399 1359 tendum,
436 1314 703 1365 quamobrem
739 1327 894 1359 eorum,
930 1327 1031 1365 quos
1065 1313 1222 1359 laudas,
1256 1318 1302 1352 te
1334 1325 1416 1352 non

212 1384 460 1422 simillimum
486 1385 700 1435 praebeas.
754 1383 837 1423 Sed
863 1384 965 1423 haec
992 1386 1123 1423 oratio
1149 1386 1280 1436 magis
1307 1388 1417 1422 esset

212 1461 311 1506 apta
333 1455 386 1494 ad
406 1455 474 1492 illa
495 1461 696 1506 tempora,
718 1468 825 1506 quae
846 1458 928 1493 iam
951 1454 1129 1507 effugisti
1147 1467 1158 1500 ;
1192 1467 1301 1492 nunc
1319 1466 1416 1494 vero

211 1531 377 1565 tanturn
404 1531 449 1564 te
476 1539 577 1577 para
604 1525 658 1565 ad
685 1525 787 1565 haec
815 1526 1028 1564 nobiscum
1054 1524 1241 1571 ferenda,
1269 1525 1416 1576 quibus

212 1610 290 1648 ego
309 1600 342 1635 si
362 1610 486 1648 quam
504 1597 750 1635 medicinam
768 1599 1008 1643 invenirem,
1027 1596 1104 1635 tibi
1123 1609 1287 1648 quoque
1307 1608 1416 1635 eam·-

211 1668 307 1707 dem
335 1668 555 1706 traderem.
610 1667 693 1706 Sed
721 1673 785 1706 est
813 1681 941 1705 unum
968 1666 1203 1718 perfugium
1231 1666 1415 1705 doctrIna

211 1752 258 1777 ac
275 1738 455 1784 litterae,
475 1739 621 1790 quibus
641 1751 803 1789 semper
821 1740 883 1776 usi
902 1751 1040 1776 sumus
1058 1751 1068 1783 ;
1103 1750 1210 1789 quae
1228 1737 1414 1776 secundis

210 1811 331 1848 rebus
357 1810 676 1848 delectationem
700 1809 822 1847 modo
846 1809 1000 1847 habere
1024 1808 1284 1854 videbantur,
1307 1820 1414 1846 nune

210 1894 306 1919 vero
338 1883 465 1919 etiam
495 1880 685 1918 salutem.
739 1879 834 1926 Sed,
865 1885 913 1918 ut
943 1879 997 1918 ad
1026 1881 1188 1917 initium
1217 1883 1413 1925 revertar,

209 1965 308 1990 cave
339 1951 518 1997 dubites,
550 1953 649 2002 quin
680 1952 816 1988 omnia
847 1950 900 1988 de
931 1949 1064 1988 salute
1095 1963 1143 1988 ac
1172 1948 1310 1988 reditu
1339 1954 1412 1988 tuo

209 2022 396 2073 perfecta
414 2025 509 2060 sint.
1408 2006 1419 2015 ⁹

212 2105 290 2145 492
