1442 2392
145 1060 160 1093 l

215 562 279 606 M.
313 560 503 604 TULLI
536 556 871 602 CICERONIS
903 553 1360 600 EPISTULARUM
1370 525 1397 552 ³*

540 635 626 677 AD
660 632 1041 675 FAMILIARES
1392 654 1394 662 ι

575 725 741 764 LIBER
767 723 1004 763 TERTIUS

781 812 801 851 I

401 915 449 943 M.
475 915 515 942 T.
543 915 578 942 C.
605 915 637 941 S.
666 915 706 940 D.
734 913 853 939 APPIO
881 913 1065 939 PULCHRO
1092 913 1180 940 IMP-

609 979 758 1018 Romae,
776 989 883 1012 A.u.c.
901 980 980 1012 ¹702.

242 1052 283 1091 Si
315 1055 404 1103 ipsa
436 1049 666 1101 respublica
698 1049 774 1086 tibi
807 1061 972 1086 narrare
1004 1053 1159 1099 posset,
1191 1033 1397 1099 quornodo

191 1121 280 1146 sese
307 1106 496 1150 haberet,
523 1117 604 1142 non
631 1103 786 1141 facilius
815 1116 867 1140 ex
895 1116 945 1140 ea
971 1115 1216 1153 cognoscere
1241 1114 1398 1153 posses,

191 1175 316 1213 quam
335 1174 387 1198 ex
409 1159 558 1197 liberto
576 1164 649 1196 tuo
673 1157 842 1202 Phania,
861 1159 921 1194 ita
939 1162 1003 1195 est
1025 1155 1147 1194 homo
1170 1169 1252 1194 non
1273 1153 1397 1209 modo

190 1216 384 1267 prudens,
410 1227 551 1252 verum
579 1215 705 1251 etiam
732 1211 859 1263 (quod
884 1211 1014 1262 iuvet)
1040 1213 1234 1254 curiosus.
1286 1209 1398 1262 Qua-5

191 1276 359 1322 propter
386 1268 453 1306 ille
481 1268 557 1305 tibi
586 1269 722 1304 omnia
750 1265 1002 1316 explanabit.
1056 1264 1107 1303 Id
1134 1267 1250 1303 enim.
1272 1269 1318 1314 et
1343 1262 1400 1313 ad

191 1326 439 1363 brevitatem
454 1327 518 1360 est
532 1323 682 1372 aptius,
697 1326 741 1358 et
754 1319 807 1358 ad
826 1319 1002 1370 reliquas
1020 1332 1089 1371 res¹
1103 1319 1398 1370 providentius,

193 1379 258 1418 De
287 1391 381 1416 mea
408 1382 550 1415 autem
576 1374 866 1413 benevolentia
893 1387 992 1425 erga
1019 1379 1063 1412 te
1092 1375 1170 1412 etsi
1196 1370 1401 1425 potes‘e}

193 1433 340 1471 eodem
378 1430 533 1469 Phania
565 1442 824 1481 cognoscere,
860 1434 1003 1467 tamen
1041 1427 1233 1466 videntur
1270 1429 1398 1479 θῒίειιῃ

193 1488 353 1539 aliquae
375 1498 494 1524 meae
516 1490 670 1535 partes.
723 1482 788 1521 Sic
811 1485 919 1520 enim
942 1482 1018 1521 tibi
1040 1481 1257 1533 persuade,
1278 1483 1399 1531 cariq-

192 1546 339 1581 simum
367 1546 410 1578 te
438 1539 537 1578 mihi
565 1551 654 1577 esse
681 1551 774 1576 cum
800 1543 970 1588 propter
995 1536 1146 1575 multas
1172 1538 1399 1585 suavitates(

192 1598 346 1648 ingeni,
376 1595 494 1640 offici,
525 1593 793 1631 humanitatis
825 1597 938 1637 tuae,
969 1596 1059 1629 tum
1091 1589 1202 1642 quod
1232 1603 1286 1629 ex
1315 1593 1398 1639 tuis

191 1651 340 1689 litteris
363 1655 408 1687 et
431 1662 483 1687 ex
505 1647 727 1686 multorum
746 1645 1002 1699 sermonibus
1018 1644 1234 1697 intellego,
1247 1647 1399 1695 omnia„

242 1759 258 1775 ⁶
283 1754 427 1796 Appius
452 1751 628 1785 Claudius
656 1749 822 1788 Pulcher,
845 1748 994 1782 brother
1024 1749 1066 1782 of
1088 1747 1245 1782 Cicero's
1266 1758 1371 1781 enem

197 1796 356 1835 Clodius,
380 1796 453 1829 and
476 1796 539 1828 the
563 1795 750 1827 notorious
773 1792 913 1831 Clodia,
931 1803 1005 1825 was
1028 1795 1175 1835 praetor
1192 1792 1229 1824 in
1251 1792 1307 1830 57,
1323 1758 1399 1825 ang

227 1843 414 1884 ropraetor
437 1840 479 1872 of
499 1837 671 1872 Sardinia
695 1838 731 1870 in
755 1838 810 1869 56.
862 1835 905 1869 In
929 1837 972 1868 54
995 1835 1041 1869 he
1063 1845 1138 1869 was
1160 1834 1288 1868 consul
1311 1834 1398 1868 with

199 1852 242 1917 E.
271 1884 453 1917 Domitius
480 1880 761 1915 Ahenobarbus.
812 1879 855 1912 In
886 1880 930 1911 53
961 1879 1006 1912 he
1036 1888 1110 1912 was
1139 1877 1330 1920 proconsul
1361 1878 1398 1911 in

202 1928 339 1965 Cilicia,
357 1926 474 1960 which
492 1926 537 1958 he
558 1923 740 1967 governed
765 1923 851 1956 with
876 1922 1032 1955 ruthless
1055 1923 1196 1965 rapacit
1225 1946 1233 1954 .
1283 1921 1400 1963 Being

202 1970 402 2003 succeeded
420 1971 456 2003 in
473 1969 553 2002 that
576 1969 747 2011 province
770 1967 820 2009 by
844 1965 970 1999 Cicero
994 1967 1029 1998 in
1053 1968 1109 2004 51,
1125 1975 1172 1998 on
1223 1966 1252 1998 is
1276 1967 1399 1998 return

181 2018 234 2055 ,to
260 2014 374 2047 Rome
398 2013 443 2046 he
470 2022 543 2046 was
571 2010 784 2054 impeached
809 2010 858 2052 by
883 2008 1085 2047 Dolabella,
1109 2008 1176 2041 but
1201 2007 1398 2049 acquitted.

199 2057 242 2091 In
259 2060 303 2089 50
319 2058 364 2090 he
380 2067 453 2090 was
469 2066 596 2089 censor
610 2054 695 2088 with
710 2053 751 2086 L.
767 2053 860 2086 Piso.
910 2053 952 2085 In
965 2054 1009 2085 49
1026 2052 1070 2085 he
1082 2051 1206 2094 joined
1225 2051 1400 2095 Pompey,

207 2108 280 2148 164
