1442 2392
682 141 886 181 CICERO

182 247 235 285 ab
266 249 314 284 iis
347 247 511 285 adiutus
545 260 602 292 es,
635 260 660 285 a
691 247 838 298 quibus
871 247 1065 293 debuisti,
1096 259 1232 298 neque
1263 246 1317 286 de
1349 247 1387 284 vi

182 311 353 358 nefaria,
376 326 458 364 qua
479 326 572 350 cum
595 311 722 351 fratre
746 325 857 350 eram
880 312 1002 350 domo
1024 311 1231 363 expulsus,
1252 323 1389 362 neque

182 376 347 416 hercule
380 381 422 416 in
454 380 502 416 iis
534 380 631 428 ipsis
664 378 800 423 rebus,
834 391 955 429 quae,
988 390 1237 429 quamquam
1270 380 1390 415 erant

182 442 281 480 mihi
319 449 489 494 propter
526 445 585 481 rei
624 442 831 481 familiaris
870 441 1084 494 naufragia
1121 445 1390 488 necessariae,

183 513 326 546 tamen
350 522 374 546 a
398 522 465 547 me
489 511 647 546 minimi
670 509 939 559 putabantur,
962 511 1005 546 in
1028 511 1130 546 meis
1154 508 1315 548 damnis
1337 521 1389 546 ex

184 577 431 613 auctoritate
480 580 648 612 senatus
696 574 930 620 sarciendis,
979 587 1072 613 eam
1119 574 1390 620 voluntatem,

184 652 307 690 quam
334 645 632 690 exspectaram,
656 643 967 690 praestiterunt.
1021 639 1140 688 Quae
1163 653 1256 678 cum
1280 639 1391 678 vide-

182 718 270 743 rem
304 705 456 757 (neque
490 708 598 743 enirn
632 711 751 743 erant
782 706 984 758 obscura),
1016 719 1099 744 non
1129 711 1272 744 tamen
1303 699 1390 744 tam

185 771 333 809 acerba
379 770 478 808 mihi
529 770 632 809 haec
683 771 939 818 accidebant,
987 785 1111 824 quam
1158 777 1278 810 erant
1322 770 1392 810 illa

183 842 317 888 grata,
333 849 439 887 quae
454 835 653 875 fecerant.
708 836 857 888 Itaque
873 851 1123 889 quamquam
1137 843 1182 876 et
1196 836 1392 889 Pompeio

184 902 418 952 plurimum,
455 908 499 940 te
537 902 704 953 quidem
740 905 828 953 ipso
864 903 1148 953 praedicatore
1184 916 1232 942 ac
1267 909 1392 949 teste,

185 968 404 1014 debebam,
435 974 480 1006 et
510 981 605 1005 eum
635 981 717 1006 non
747 968 877 1006 solum
907 968 1121 1015 beneficio,
1151 969 1225 1008 sed
1254 981 1392 1008 amore

185 1036 311 1071 etiam
341 1040 385 1071 et
411 1039 614 1084 perpetuo
642 1033 820 1084 quodam
847 1034 995 1072 iudicio
1029 1047 1122 1073 meo
1157 1034 1394 1087 diligebam,

185 1105 327 1138 tamen
344 1113 426 1137 non
443 1104 654 1150 reputans,
672 1099 771 1151 quid
787 1099 854 1138 ille
873 1100 1011 1147 vellet,
1027 1103 1071 1138 in
1087 1101 1275 1140 omnibus
1291 1088 1393 1139 meis

185 1168 402 1204 sententiis
427 1165 479 1203 de
505 1165 714 1216 republica
738 1168 918 1216 pristinis
942 1166 1252 1216 permanebam.
1304 1165 1394 1218 Ego

185 1231 358 1270 sedente
382 1231 456 1269 Cn.
481 1230 690 1282 Pompeio,
713 1244 820 1276 cum,
843 1237 890 1269 ut
911 1231 1101 1270 laudaret
1123 1231 1169 1270 P.
1191 1231 1393 1277 Sextium,

185 1300 394 1335 introisset
417 1299 459 1334 in
484 1297 642 1335 Urbem
666 1296 919 1348 dixissetque
943 1300 1062 1336 testis
1086 1296 1288 1344 Vatinius,
1310 1310 1393 1344 me,

186 1362 351 1401 fortuna
393 1368 436 1401 et
477 1362 675 1400 felicitate
718 1362 764 1400 C.
806 1361 990 1400 Caesaris
1031 1369 1296 1408 commotum,
1334 1362 1392 1401 illi

186 1431 362 1467 amicum
385 1441 473 1466 esse
497 1431 693 1479 coepisse,
717 1428 815 1473 dixi,
838 1442 904 1466 me
931 1428 992 1466 M.
1015 1428 1148 1467 Bibuli
1170 1428 1392 1477 fortunam,

186 1510 310 1548 quam
358 1496 426 1534 ille
475 1496 666 1535 afflictam
715 1502 898 1547 putaret,
947 1499 1129 1535 omnium
1176 1497 1392 1549 triumphis

185 1567 444 1616 victoriisque
481 1563 717 1609 anteferre3
767 1564 934 1615 dixique
971 1565 1117 1603 eodem
1153 1571 1277 1612 teste,
1313 1566 1392 1605 alio

185 1633 287 1680 loco,
325 1633 491 1671 eosdem
530 1645 633 1678 esse,
667 1635 737 1683 qui
773 1631 964 1670 Bibulum
1002 1636 1114 1671 exire
1151 1633 1273 1673 domo
1299 1647 1392 1686 pro-

184 1701 427 1747 hibuissent,
454 1706 498 1739 et
525 1703 593 1751 qui
622 1714 689 1738 me
716 1703 961 1752 coegissent.
1013 1701 1119 1739 Tota
1145 1715 1240 1740 vero
1265 1705 1392 1741 inter-

184 1772 344 1820 rogatio
366 1781 461 1807 mea
483 1768 582 1806 nihil
610 1767 768 1814 habuit,
797 1771 873 1807 nisi
900 1768 1260 1820 reprehensionem
1284 1770 1390 1810 illius

185 1839 446 1875 tribunatus:
487 1839 529 1874 in
557 1849 638 1887 quo
665 1839 802 1874 omnia
827 1837 939 1875 dicta
964 1842 1061 1875 sunt
1086 1836 1280 1876 libertate
1306 1841 1392 1878 ani·

231 2014 247 2030 ⁰
270 2009 385 2042 When
412 2008 555 2041 tribune
581 2010 618 2041 in
645 2010 688 2041 59
718 2019 783 2041 ιω.
810 2008 855 2041 he
879 2007 1057 2050 proposed
1085 2008 1146 2042 the
1175 2009 1236 2042 bill
1265 2011 1390 2053 giving

187 2052 318 2085 Caesar
334 2052 401 2085 five
418 2052 532 2093 years'
550 2051 624 2084 rule
641 2053 675 2084 in
697 2052 899 2085 Gaul-—the
923 2053 1106 2085 notorious
1125 2052 1199 2086 Lex
1215 2053 1374 2087 Vatinia.

190 2110 240 2143 52
