1442 2392
135 1813 154 1847 1

689 112 892 155 CICERO

188 230 252 255 res
275 222 411 268 coget,
434 222 497 255 est
521 217 715 268 quiddam
738 219 922 262 tertium,
945 216 1055 267 quod
1078 229 1212 267 neque
1234 214 1393 261 Selicio,

190 301 266 325 nec
278 287 376 325 mihi
391 287 748 338 displicebat,—ut
760 300 894 338 neque
907 289 1039 325 iacere
1048 301 1134 324 rem
1143 292 1393 337 pateremur,

188 371 278 404 nec,
302 359 419 396 nobis
443 359 783 410 repugnantibus,
808 358 861 397 ad
884 371 980 396 eum
1004 356 1169 403 deferri,
1193 357 1246 395 ad
1269 368 1393 408 quem

189 442 315 480 prope
350 431 433 466 iam
471 428 611 468 delata
642 431 913 468 existimatur.
984 429 1023 468 A
1061 428 1177 466 nobis
1219 432 1395 479 agentur

188 502 325 538 omnia
363 499 596 551 diligenter,
624 505 671 538 ut
709 513 799 546 nec,
826 502 859 538 si
887 499 987 551 quid
1013 500 1189 537 obtineri
1225 499 1394 549 poterit,

189 584 269 608 non
303 571 613 616 contendamus,
648 584 737 617 nec,
771 573 803 609 si
837 570 935 622 quid
968 583 1049 608 non
1083 570 1393 618 obtinuerimus,

187 641 338 692 repulsi
370 654 459 679 esse
490 642 715 680 videamur.
785 641 899 680 Tuae
930 643 1158 692 sapientiae
1188 641 1388 691 magnitu-

189 712 376 763 dinisque
406 715 530 750 animi
563 718 627 751 est
657 726 822 750 omnem
850 711 1163 763 amplitudinem
1192 716 1236 749 et
1262 710 1393 762 digni-

188 788 322 821 tatem
354 789 470 822 tuam
503 785 546 823 in
578 786 730 822 virtute
764 789 890 834 atque
923 785 965 821 in
996 782 1119 820 rebus
1151 783 1279 834 gestis
1311 782 1392 819 tuis

190 859 316 905 atque
340 856 383 891 in
406 859 481 892 tua
504 856 709 906 gravitate
733 856 910 905 positam
935 855 1198 898 existimare3
1237 854 1270 890 si
1294 849 1394 903 quid

190 937 241 962 ex
256 927 303 962 iis
318 925 454 970 rebus,
469 938 570 976 quas
585 926 661 963 tibi
675 924 841 963 fortuna
853 924 1002 976 largita
1017 929 1094 970 est,
1108 922 1393 962 nonnullorum

187 994 398 1033 hominum
429 995 600 1046 perfidia
627 996 868 1041 detraxerit,
894 995 937 1034 id
964 997 1107 1033 maiori
1137 993 1213 1032 illis
1243 992 1392 1038 fraudi,

188 1079 313 1117 quam
337 1067 412 1104 tibi
436 1065 636 1105 futurum.
689 1067 728 1105 A
751 1080 818 1104 me
843 1066 998 1104 nullum
1022 1071 1187 1116 tempus
1209 1070 1392 1116 praeter-

187 1139 367 1175 mittitur
380 1137 432 1175 de
452 1140 533 1176 tuis
553 1138 675 1176 rebus
695 1143 740 1176 et
755 1137 905 1189 agendi
920 1143 964 1175 et
978 1135 1201 1188 cogitandi,
1215 1140 1391 1186 utorque

188 1208 240 1246 ad
253 1211 389 1246 omnia
402 1208 453 1256 Q.
466 1207 610 1246 Selicio
625 1222 634 1254 3
658 1200 793 1259 neque
808 1211 916 1246 enim
929 1207 1237 1259 prudentiorem
1249 1218 1392 1256 quem-

189 1292 313 1330 quarn
340 1292 391 1316 ex
418 1282 514 1325 tuis,
534 1293 669 1331 neque
694 1279 773 1317 fide
801 1281 953 1317 maiore
975 1291 1063 1316 esse
1087 1277 1236 1323 iudico,
1255 1287 1391 1328 neque

186 1352 457 1388 amantiorem
475 1352 551 1390 tui.
1024 1332 1026 1337 V
1111 1343 1146 1348 -„

756 1507 819 1548 Vn

410 1624 458 1651 Μ.
484 1625 523 1651 Τ.
551 1626 586 1652 C.
614 1625 646 1651 S.
675 1625 716 1651 D.
743 1625 781 1651 P.
809 1624 988 1651 LENTULO
1015 1622 1175 1651 PRocos.

480 1716 651 1750 Eiusdem
667 1717 753 1749 anni
769 1727 890 1750 mense
906 1715 1112 1749 Februario.

236 1809 314 1848 Hic
350 1823 456 1862 quae
495 1816 684 1862 agantur,
716 1823 905 1861 quaeque
936 1814 1029 1847 acta
1059 1811 1154 1854 sint,
1185 1820 1236 1846 ea
1264 1812 1309 1846 te
1343 1810 1388 1846 et

183 1879 330 1919 litteris
369 1880 591 1919 multorum
630 1886 674 1919 et
712 1883 864 1919 nuntiis
903 1892 1147 1931 cognoscere
1186 1878 1386 1923 arbitror3

340 2016 358 2034 ⁰
381 2011 413 2045 A
432 2012 581 2046 banker.
1022 2010 1038 2033 ⁸
1062 2010 1233 2051 Pompey.

189 2068 240 2101 20
