1442 2392
695 119 898 158 CICERO

194 224 306 270 dum,
327 227 361 262 si
387 224 557 262 dubium
584 226 652 269 sit,
671 237 753 261 non
778 237 867 261 esse
893 223 969 261 tibi
995 221 1240 261 conandum.
1295 221 1400 261 Illud

193 289 361 335 affirmo,
386 291 419 328 si
443 302 531 326 rem
555 291 677 327 istam
703 301 754 326 ex
781 290 989 326 sententia
1013 289 1201 339 gesseris,
1225 286 1328 332 fore,
1353 292 1401 326 ut

194 354 340 392 absens
359 367 383 392 a
399 353 663 399 multis,.cum
680 353 863 398 redieris,
882 354 934 391 ab
951 353 1138 391 omnibus
1155 351 1400 391 collaudere.

193 418 472 457 Offensionem
502 431 591 457 esse
620 418 889 469 periculosam
918 423 1086 469 propter
1113 419 1399 468 interpositam

193 486 483 522 auctoritatem
510 483 834 535 religionemque
863 483 994 522 video.
1049 481 1131 522 Sed
1158 495 1237 534 ego
1264 487 1324 528 te,
1352 487 1400 520 ut

193 548 245 586 ad
276 555 432 587 certam
461 548 627 587 laudem
659 548 865 594 adhortor,
896 551 951 587 sic
982 562 1007 586 a
1036 548 1298 586 dimicatione
1329 547 1400 586 de-

194 619 329 651 terreo
349 627 358 651 :
393 613 600 665 redeoque
623 614 676 652 ad
696 613 810 659 illud,
831 613 942 665 quod
961 616 1078 652 initio
1099 615 1252 664 scripsi,
1272 614 1400 651 totius

193 677 291 717 facti
325 682 386 717 tui
419 679 613 717 iudicium
647 693 729 717 non
762 684 850 717 tam
884 692 936 717 ex
965 678 1130 717 consilio
1158 683 1247 724 tuo,
1275 691 1399 729 quam

156 749 177 781 6
198 757 248 781 ex
283 750 436 783 eventu
469 744 654 783 homines
688 757 776 782 esse
810 743 1003 783 facturos.
1066 743 1188 792 Quod
1225 745 1259 782 si
1297 742 1400 781 haec

193 812 298 847 ratio
334 812 394 847 rei
432 810 639 861 gerendae
677 809 903 862 periculosa
939 810 1015 848 tibi
1053 822 1143 848 esse
1179 808 1400 854 videbitur,

192 874 384 926 placebat
413 875 527 921 illud,
557 882 619 921 ut,
648 878 681 914 si
710 889 783 913 rex
814 878 952 913 amicis
981 877 1077 921 tuis,
1107 877 1177 927 qui
1205 887 1280 926 per
1308 886 1400 925 pro-

193 943 366 978 vinciam
392 946 519 992 atque
544 943 690 992 imperi
715 943 776 979 tui
801 943 1026 992 provincias
1053 942 1088 979 ei
1115 939 1400 984 credidissent,

194 1005 317 1043 fidem
354 1019 469 1044 suam
505 1009 793 1057 praestitisset,
830 1012 874 1044 et
910 1006 1068 1044 auxiliis
1105 1019 1200 1044 eum
1235 1007 1317 1044 tuis
1355 1009 1400 1043 et

193 1073 318 1121 copiis
352 1071 593 1117 adiuvares3
641 1085 733 1110 eam
767 1085 856 1110 esse
888 1077 1079 1110 naturam
1113 1077 1157 1110 et
1188 1072 1399 1122 regionem

193 1139 423 1187 provinciae
445 1142 557 1182 tuae,
579 1142 626 1175 ut
645 1136 751 1175 illius
770 1137 951 1175 reditum
971 1136 1036 1175 vel
1056 1136 1286 1175 adiuvando
1305 1147 1399 1174 eon-

193 1201 374 1240 firmares
403 1202 467 1240 vel
494 1202 742 1254 negligendo
770 1202 1003 1253 impedires.
1058 1201 1108 1239 In
1134 1201 1211 1239 hac
1237 1203 1398 1239 ratione

193 1267 291 1317 quid
312 1280 391 1312 res,
413 1267 512 1318 quid
533 1281 668 1313 causa,
690 1267 789 1319 quid
810 1273 974 1318 tempus
994 1265 1117 1312 ferat,
1137 1272 1186 1305 tu
1206 1265 1398 1304 facillime

193 1335 432 1384 optimeque
454 1335 674 1384 perspicies
694 1346 703 1371 :
741 1332 840 1384 quid
861 1333 978 1371 nobis
1000 1332 1234 1383 placuisset,
1257 1345 1309 1370 ex
1330 1343 1398 1370 me

157 1402 176 1434 7
197 1400 453 1448 potissimum
491 1400 632 1449 putavi
661 1403 705 1436 te
739 1401 840 1436 scire
874 1403 1078 1449 oportere.
1143 1396 1265 1445 Quod
1300 1395 1399 1434 mihi

193 1462 246 1500 de
267 1469 406 1501 nostro
429 1469 557 1509 statu,
579 1464 630 1502 de
654 1463 819 1502 Milonis
841 1462 1134 1508 familiaritate,
1155 1462 1208 1501 de
1227 1461 1398 1500 levitate

194 1533 238 1566 et
260 1528 542 1567 imbecillitate
573 1528 702 1566 Clodii
731 1528 960 1580 gratularis,
998 1530 1166 1566 minime
1191 1529 1399 1574 miramur,

194 1598 236 1631 te
268 1596 363 1639 tuis,
396 1600 444 1632 ut
475 1597 687 1646 egregium
719 1594 931 1639 artificem,
961 1593 1178 1644 praeclaris
1208 1594 1399 1644 operibus

193 1658 366 1704 laetari3
413 1672 663 1711 quamquam
696 1664 761 1697 est
790 1658 1036 1697 incredibilis
1067 1657 1277 1696 hominurn
1307 1671 1399 1709 per-

196 1726 366 1762 versitas
389 1723 578 1776 (graviori
602 1727 711 1762 enim
733 1725 857 1762 verbo
879 1726 941 1762 uti
962 1737 1044 1762 non
1064 1722 1198 1774 libet),
1220 1725 1290 1774 qui
1311 1736 1398 1769 nos,

241 1842 256 1857 ‘²
281 1837 372 1869 Milo
395 1837 465 1870 had
485 1837 579 1870 done
600 1838 706 1870 much
724 1838 780 1870 sor
797 1838 921 1870 Cicero
935 1836 1070 1878 during
1087 1836 1140 1869 his
1157 1836 1396 1875 banishment,

195 1880 267 1912 and
294 1881 417 1913 Cicero
443 1883 471 1913 is
498 1893 577 1913 now
599 1880 713 1923 doing
737 1880 783 1913 all
810 1880 853 1913 he
877 1891 945 1913 can
970 1883 1008 1913 to
1033 1881 1170 1922 requite
1195 1879 1281 1912 him.
1331 1878 1398 1913 See

196 1924 327 1956 Chron.
347 1923 447 1957 Sum.
465 1925 520 1957 for
537 1927 580 1958 56
599 1936 662 1957 u.c.

243 1968 256 1987 ὃ
280 1968 349 2006 i.e.‚
367 1968 437 2000 this
455 1968 578 2010 happy
595 1971 685 2001 state
702 1967 742 2000 of
764 1967 884 1999 affairs
901 1977 972 2009 you
991 1966 1081 2000 have
1104 1965 1263 2009 brought
1286 1966 1396 1999 about

196 2010 244 2053 by
264 2022 355 2053 your
371 2013 549 2044 exertions
567 2023 612 2045 on
632 2022 692 2053 my
709 2010 844 2043 behalf.

197 2067 247 2101 32
