1442 2392
640 135 843 175 CICERO

136 242 272 293 paullo
299 247 523 292 antequam
549 246 597 279 tu
620 243 912 292 cognovimus3
942 243 1069 279 etiam
1095 239 1343 286 mehercule,

135 297 260 347 quod,
278 296 625 348 quemadmodum
644 309 693 333 ea
710 309 774 333 res
793 301 1000 346 ageretur,
1018 295 1204 334 vidimus.
1238 294 1343 333 Nam

136 354 192 388 sic
208 350 273 389 fac
290 353 500 389 existimes
519 364 528 388 ε
559 355 654 400 post
670 350 742 388 has
758 352 956 395 miserias,
971 349 1014 388 id
1031 355 1109 395 est,
1125 355 1344 400 postquam

136 408 257 443 armis
287 405 508 455 disceptari
535 410 730 455 coeptum
759 407 813 442 sit
841 404 893 442 de
922 407 1010 459 iure
1039 403 1216 455 publico,
1245 402 1344 442 nihil

136 472 226 498 esse
241 465 379 497 actum
394 459 506 497 aliud
518 472 612 497 cum
626 459 845 510 dignitate.
899 458 1006 496 Nam
1021 461 1166 509 etipse
1180 457 1345 504 Caesar,

136 519 328 552 accusata
357 513 584 551 acerbitate
617 512 804 551 Marcelli
834 512 906 565 (sic
937 515 1047 551 enim
1077 511 1345 564 appellabat),

135 568 387 618 laudataque
422 567 828 606 honorificentissime
865 573 910 605 et
944 569 1157 618 aequitate
1192 572 1266 605 tua
1300 572 1345 605 et

135 622 370 672 prudentia,
405 628 579 672 repente
615 627 782 672 praeter
817 634 933 672 spem
970 621 1088 667 dixit,
1124 634 1165 659 se
1199 619 1346 659 senatui

135 676 286 728 roganti
298 676 344 714 de
363 675 552 715 Marcello
570 689 616 714 ne
637 675 789 714 ominis-1
808 675 956 728 quidem
974 689 1092 714 causa
1109 680 1344 727 negaturum.

137 731 311 769 Fecerat
342 736 484 769 autem
515 730 593 769 hoc
624 736 806 775 senatus,
839 736 900 776 ut,
932 743 1026 768 cum
1057 743 1083 768 a
1115 729 1164 768 L.
1197 729 1344 767 Pisone

134 788 292 823 mentio
313 791 423 823 esset
441 784 553 823 facta
573 784 625 823 de
647 784 858 830 Marcello,
879 790 923 822 et
942 798 1036 822 cum
1055 783 1102 822 O.
1124 783 1344 822 Marcellus

135 852 180 878 se
203 839 256 877 ad
278 839 462 877 Caesaris
483 839 611 889 pedes
634 839 864 884 abiecisset,
886 844 1057 877 cunctus
1078 843 1345 890 consurgeret

137 899 181 932 et
204 894 258 931 ad
280 893 499 931 Caesarem
521 893 695 944 supplex
717 893 948 931 accederet.
1002 892 1094 931 Noli
1117 905 1316 944 quaerere
1334 905 1344 930 ε

136 951 196 986 ita
211 947 310 985 mihi
325 947 494 998 pulcher
509 947 575 985 hic
589 948 676 986 dies
692 950 799 986 visus
816 953 894 993 est,
909 953 957 986 ut
971 950 1151 998 speciem
1166 947 1344 998 aliquam

137 1002 297 1040 viderer
309 1002 448 1040 videre
462 1004 576 1053 quasi
590 1004 867 1040 reviviscentis
878 1001 1142 1052 reipublicae.
1195 1001 1344 1052 Itaque

136 1070 230 1094 cum
255 1070 397 1094 omnes
422 1062 520 1094 ante
545 1070 612 1094 me
636 1059 771 1108 rogati
795 1059 949 1107 gratias
974 1055 1139 1094 Caesari
1163 1058 1345 1107 egissent

137 1117 303 1161 praeter
321 1110 554 1149 Volcatium
571 1123 581 1156 ;
614 1113 648 1149 is
668 1113 792 1156 enim,
811 1113 844 1148 si
864 1123 913 1149 eo
931 1110 1020 1148 loco
1039 1115 1163 1156 esset,
1177 1112 1345 1161 negavit

136 1178 180 1203 se
208 1164 415 1203 facturum
442 1164 596 1210 fuisse3
629 1178 707 1216 ego
734 1170 903 1216 rogatus
921 1167 1079 1203 mutavi
1094 1177 1235 1203 meum
1251 1177 1346 1202 con-

137 1219 284 1257 silium.
339 1219 446 1257 Nam
465 1225 707 1270 statueram,
727 1233 809 1257 non
827 1218 1062 1257 mehercule
1089 1221 1253 1264 inertia,
1271 1218 1345 1256 sed

137 1274 339 1312 desiderio
366 1276 563 1324 pristinae
591 1273 820 1325 dignitatis,
846 1276 889 1311 in
915 1279 1164 1324 perpetuum
1191 1278 1345 1311 tacere.

137 1328 279 1379 Fregit
303 1327 380 1366 hoc
404 1341 544 1366 meum
568 1327 780 1366 consilium
813 1333 858 1366 et
885 1327 1071 1366 Caesaris
1102 1326 1345 1378 magnitudo

137 1385 261 1420 animi
281 1388 325 1420 et
343 1388 511 1420 senatus
529 1382 718 1420 officium.
756 1382 905 1433 Itaque
924 1382 1107 1432 pluribus
1126 1381 1259 1419 verbis
1278 1383 1344 1432 egi

137 1437 302 1474 Caesari
323 1439 476 1488 gratias
495 1449 504 1482 3
541 1449 706 1487 meque,
728 1442 885 1481 metuo,
908 1449 960 1474 ne
984 1439 1111 1474 etiam
1132 1438 1175 1473 in
1197 1438 1344 1473 ceteris

135 1492 258 1529 rebus
273 1490 447 1529 honesto
462 1493 546 1529 otio
560 1493 766 1541 privarim,
781 1491 893 1541 quod
907 1496 998 1528 erat
1013 1503 1140 1528 unum
1153 1489 1344 1528 solatium

425 1546 440 1567 ²
463 1546 522 1579 R:
548 1546 703 1579 hominis
721 1545 764 1585 G,
781 1547 968 1590 neominus
988 1546 1040 1580 M.

188 1610 204 1625 ⁰
226 1605 321 1637 That
337 1605 378 1642 is,
395 1603 453 1637 for
469 1604 530 1636 the
546 1604 666 1636 future
683 1604 850 1636 relations
869 1604 1027 1636 between
1046 1604 1177 1637 Caesar
1193 1604 1266 1637 and
1283 1605 1343 1637 the

141 1647 283 1681 Senate.
331 1647 407 1680 The
434 1647 558 1680 earlier
584 1647 735 1689 reading
761 1647 912 1680 hominis
939 1647 1058 1680 would
1085 1658 1191 1680 mean
1218 1647 1240 1662 “
1255 1659 1342 1682 even

140 1691 279 1734 though
305 1691 366 1724 the
391 1690 585 1733 particular
611 1701 739 1733 person
766 1692 803 1724 in
829 1692 994 1733 question
1020 1690 1209 1733 happened
1235 1694 1273 1724 to
1298 1691 1343 1725 be

144 1734 335 1767 Marcellus
352 1734 373 1748 ”
389 1747 399 1772 ς
442 1734 507 1766 but
537 1734 607 1766 this
638 1736 667 1767 is
698 1734 764 1766 less
794 1735 988 1767 consistent
1021 1734 1105 1767 with
1132 1746 1182 1767 vr.
1214 1737 1267 1768 16.
1302 1737 1343 1767 10

141 1778 162 1792 “
181 1778 393 1811 Marcellum
420 1801 428 1809 .
455 1801 463 1810 .
491 1802 499 1809 .
525 1787 607 1810 cum
624 1788 766 1810 summa
782 1777 874 1810 illius
890 1777 1066 1819 dignitate
1080 1777 1269 1811 restituit.”

189 1821 202 1841 ¹³
228 1821 270 1854 L.
292 1821 507 1864 Calpurnius
529 1821 623 1860 Piso,
645 1820 806 1854 Caesar’s
825 1820 1092 1860 father-in-law‚
1113 1821 1237 1854 consul
1257 1821 1340 1855 with

140 1865 318 1898 Gabinius
335 1866 371 1897 in
387 1867 443 1898 58.

190 1912 203 1927 ⁰
228 1908 361 1941 Cousin
378 1907 417 1941 of
433 1908 579 1941 Marcus
599 1907 791 1941 Marcellus
806 1920 815 1945 ς
846 1907 891 1941 he
906 1918 979 1941 was
994 1907 1117 1941 consul
1135 1909 1172 1940 in
1189 1910 1245 1941 50.

188 1951 204 1971 ‘¹
228 1952 359 1984 Others
372 1951 458 1984 take
469 1953 495 1984 it
505 1955 542 1984 to
553 1962 658 1984 mean
670 1951 690 1964 “
703 1951 775 1984 had
787 1952 831 1984 he
841 1951 931 1984 been
942 1952 979 1984 in
993 1950 1217 1984 Marcellus's
1229 1951 1342 1994 place,

140 1994 185 2028 he
202 1995 319 2027 would
339 1998 400 2028 not
416 1995 507 2027 have
522 1994 691 2036 accepted
708 1994 885 2037 pardon.”

189 2043 200 2057 ²
224 2038 277 2070 '1¹0
300 2038 501 2077 Marcellus,
517 2048 557 2071 as
573 2049 641 2071 one
658 2038 698 2071 of
711 2040 755 2071 its
772 2038 960 2071 members.

142 2082 221 2120 264
