1442 2392
676 142 879 182 CICERO

174 264 256 289 non
274 249 397 288 modo
417 251 639 287 amicitiam
658 247 798 286 violari
817 246 929 298 apud
946 249 1120 285 maiores
1139 251 1299 286 nostros
1317 244 1380 285 fas

174 341 256 365 non
274 332 378 372 erat,
395 325 470 365 sed
487 339 539 363 ne
557 327 740 376 cooptari
757 323 924 376 quidem
942 323 1199 362 sacerdotem
1215 321 1380 381 licebat,

108 410 148 443 10
175 406 245 456 qui
277 385 467 454 cuiquarri
501 415 553 440 ex
585 401 757 453 collegio
789 405 901 439 esset
930 402 1131 438 inimicus.
1183 398 1308 447 Quaev
1333 405 1382 441 ut

175 483 366 519 omittam
407 485 495 518 tam
537 478 669 516 multa
715 483 842 529 atque
888 482 1022 523 tanta,
1059 478 1149 528 quis
1185 478 1381 528 umquam

175 559 283 596 tanti
308 569 558 608 quemquam
582 553 683 593 fecit
707 559 780 592 aut
803 552 940 592 facere
964 555 1102 604 potuit
1126 557 1200 591 aut
1223 534 1382 608 debuit,

176 636 322 686 quanti
360 646 438 685 ego
476 632 551 670 Cn.
590 631 845 682 Pompeium,
882 643 1068 669 socerum
1105 635 1204 668 tuae
1243 628 1382 668 filiae?

178 710 345 748 Etenim
373 711 405 748 si
434 711 583 747 merita
611 708 764 754 valent,
789 709 980 759 patriam,
1004 706 1168 752 liberos,
1192 696 1384 752 salutem,

178 786 440 838 dignitatem,
466 787 758 835 memetipsum
782 783 882 821 mihi
907 796 983 834 per
1006 782 1121 820 illum
1145 784 1385 821 restitutum

178 869 309 914 puto3
363 864 397 900 si
434 861 739 900 consuetudinis
772 859 1017 905 iucunditas,
1047 871 1154 911 quae
1186 857 1266 897 fuit
1297 871 1386 897 um-

180 953 303 991 quam
336 940 516 976 amicitia
546 936 817 976 consularium
848 939 892 974 in
922 941 1063 974 nostra
1093 937 1260 974 civitate
1292 948 1386 986 con-

180 1015 387 1054 iunctior?
420 1017 453 1053 si
470 1014 538 1052 illa
562 1016 708 1052 amoris
734 1019 860 1064 atque
877 1012 995 1050 officii
1011 1014 1142 1064 signa,
1165 1011 1265 1063 quid
1286 1010 1386 1050 mihi

180 1092 247 1131 ille
268 1105 350 1129 non
369 1093 572 1129 commisit
588 1090 604 1128 ?
640 1089 739 1141 quid
758 1103 840 1127 non
858 1102 1020 1127 mecum
1039 1088 1385 1127 communicavit?

181 1168 280 1220 quid
306 1167 358 1206 de
384 1180 428 1206 se
454 1169 497 1205 in
522 1172 684 1212 senatu,
710 1180 803 1204 cum
828 1168 916 1216 ipse
943 1166 1121 1211 abesset,
1146 1177 1221 1215 per
1245 1178 1388 1217 quem-

181 1258 305 1296 quam
332 1246 398 1295 agi
420 1242 598 1281 maluit?
635 1243 782 1294 quibus
807 1241 875 1280 ille
906 1254 973 1279 me
1005 1241 1127 1279 rebus
1159 1254 1240 1279 non
1271 1255 1388 1280 orna-

182 1323 384 1360 tissimum
412 1333 502 1358 esse
525 1319 653 1357 voluit
681 1317 958 1369 amplissime?
1010 1331 1092 1369 qua
1113 1317 1293 1369 denique
1319 1317 1387 1362 ille

182 1396 396 1442 facilitate,
418 1409 500 1448 qua
522 1395 782 1433 humanitate
804 1394 901 1433 tulit
923 1397 1231 1432 contentionem
1252 1408 1388 1433 meam

182 1487 256 1525 pro
293 1472 463 1518 Milone,
498 1472 742 1510 adversante
775 1470 984 1510 interdum
1018 1457 1246 1509 actionibus
1278 1471 1387 1511 suis'

184 1564 265 1601 quo
303 1549 440 1588 studio
477 1548 668 1599 providit,
707 1560 760 1586 ne
799 1560 906 1599 quae
945 1560 1012 1585 me
1049 1546 1156 1585 illius
1193 1550 1389 1598 temporis

184 1626 335 1664 invidia
354 1628 596 1676 attingeret,
616 1638 709 1663 cum
729 1637 796 1662 me
816 1623 995 1669 consilio,
1015 1636 1108 1661 cum
1129 1607 1390 1672 auctoritate,

184 1716 278 1741 cum
321 1704 442 1740 armis
486 1701 664 1752 denique
708 1703 817 1739 texit
859 1699 967 1738 suis!
1022 1699 1181 1747 Quibus
1224 1699 1391 1751 quidem

185 1779 438 1829 temporibus
462 1777 564 1816 haec
587 1780 630 1815 in
653 1790 703 1815 eo
725 1779 919 1828 gravitas,
943 1775 1045 1814 haec
1068 1778 1191 1813 animi
1215 1775 1392 1816 altitudo

186 1854 278 1901 fuit,
306 1868 387 1892 non
413 1854 535 1893 modo
562 1859 609 1892 ut
636 1853 788 1906 Phrygi
816 1852 934 1891 alicui
961 1857 1034 1891 aut
1061 1851 1255 1904 Lycaoni,
1282 1834 1392 1905 quod

187 1937 235 1970 tu
273 1933 316 1969 in
354 1930 502 1982 legatis
542 1929 690 1975 fecisti,
729 1929 803 1968 sed
843 1942 895 1967 ne
935 1942 1184 1966 summorum
1225 1928 1392 1980 quidem

186 2006 396 2045 hominum
438 2006 647 2045 malevolis
689 2005 742 2043 de
784 2018 851 2043 me
895 2004 1147 2043 sermonibus
1190 2004 1391 2058 crederet.

194 2090 270 2125 228
