1442 2392
685 133 889 174 CICERO

183 253 351 279 ——eram
365 239 488 291 plane
507 252 517 278 t
547 239 748 278 timebam
765 241 888 284 enim,
904 251 958 277 ne
975 237 1188 277 evenirent
1203 251 1267 285 ea,
1283 250 1391 291 quae
1440 233 1442 262 ἶ

186 319 587 358 acciderunt—idem
620 332 728 357 nune
762 318 863 357 nihil
897 321 1025 357 timeo
1061 323 1105 357 et
1138 316 1193 358 ad
1226 331 1391 359 omnem

188 404 384 437 eventum
398 404 567 450 paratus
583 411 686 437 sum.
742 397 846 436 Cum
861 397 1015 449 aliquid
1026 397 1244 436 videbatur
1258 399 1391 437 caveri
1440 403 1442 406 ’

187 491 321 530 posse,
345 483 437 516 tum
460 478 504 517 id
527 477 692 530 neglegi
717 477 934 523 dolebam3
973 490 1082 516 nunc
1106 490 1216 524 vero,
1242 466 1392 516 eversis

188 558 375 596 omnibus
398 558 535 604 rebus,
557 570 652 596 cum
674 557 839 596 consilio
861 557 1002 609 profici
1023 556 1125 596 nihil
1145 560 1288 608 possit,
1311 568 1395 596 una

188 640 293 676 ratio
331 637 507 684 videtur,
547 637 746 689 quidquid
784 639 982 683 evenerit,
1019 636 1128 676 ferre
1164 637 1394 684 moderate,

189 720 433 769 praesertim
454 730 547 755 cum
571 719 753 755 omnium
779 730 918 755 rerum
943 730 1051 756 mors
1072 719 1126 756 sit
1148 722 1394 764 extremum,
1438 759 1442 765 ¹

190 801 235 834 et
262 796 361 834 mihi
391 799 467 834 sim
496 799 692 842 conscius,
721 809 803 842 me,
833 795 970 848 quoad
997 796 1171 842 licuerit,
1201 796 1395 848 dignitati

189 876 438 927 reipublicae
463 875 726 922 consuluisse,
753 881 798 914 et
822 875 898 914 hac
924 878 1073 914 amissa
1097 875 1274 915 salutem
1298 879 1396 916 reti-

151 961 172 992 2
191 968 289 993 nere
325 955 513 994 voluisse.
568 955 684 993 Haec
721 957 875 1006 scripsi,
912 968 995 994 non
1030 960 1079 994 ut
1114 955 1167 994 de
1203 968 1271 994 me
1306 957 1396 1009 ipse

191 1034 384 1080 dicerem,
407 1034 481 1073 sed
503 1040 550 1073 ut
572 1040 633 1080 tu,
657 1037 726 1086 qui
749 1037 1078 1072 coniunctissima
1098 1033 1213 1073 fuisti
1235 1048 1396 1074 mecum

193 1119 237 1153 et
257 1117 465 1152 sententia
487 1119 531 1152 et
551 1114 778 1160 voluntate,
801 1114 947 1152 eadem
969 1117 1184 1166 cogitares.
1240 1114 1397 1167 Magna

193 1196 302 1232 enim
335 1194 556 1232 consolatio
590 1199 668 1240 est,
701 1207 794 1232 cum
825 1194 1054 1240 recordare,
1088 1196 1249 1232 etiamsi
1280 1207 1397 1234 secus

192 1273 399 1318 acciderit,
427 1279 471 1311 te
499 1278 642 1311 tamen
667 1279 781 1312 recte
808 1286 988 1325 vereque
1015 1275 1202 1312 sensisse.
1256 1274 1397 1327 Atque

193 1354 352 1390 utinam
371 1352 493 1390 liceat
514 1352 746 1403 aliquando,
768 1353 903 1404 aliquo
922 1353 1171 1403 reipublicae
1191 1358 1306 1392 statu
1324 1367 1398 1393 nos

192 1429 286 1476 frui,
302 1433 410 1469 inter
426 1444 582 1482 nosque
598 1430 783 1470 conferre
800 1431 1091 1470 sollicitudines
1106 1437 1280 1478 nostras,
1297 1445 1398 1484 quas

193 1509 435 1561 pertulimus
464 1516 567 1556 tum,
595 1523 689 1548 cum
715 1510 849 1549 timidi
876 1511 1138 1562 putabamur,
1166 1514 1262 1563 quia
1289 1511 1397 1550 dice·

156 1594 177 1626 3
194 1588 338 1627 bamus
369 1602 419 1627 ea
446 1588 600 1635 futura,
630 1602 736 1641 quae
765 1589 877 1627 facta
906 1595 1015 1628 sunt.
1070 1590 1136 1628 De
1165 1592 1247 1629 tuis
1275 1591 1398 1630 rebus

194 1667 294 1706 nihil
314 1681 418 1714 esse,
438 1668 549 1720 quod
567 1671 715 1707 timeas
733 1674 900 1720 praeter
919 1671 1132 1708 universae
1151 1669 1399 1722 reipublicae

195 1748 422 1793 interitum,
455 1748 531 1786 tibi
563 1748 784 1794 confirmo3
831 1748 884 1787 de
916 1761 983 1787 me
1015 1754 1158 1787 autem
1189 1751 1246 1788 sic
1277 1749 1401 1790 velim

196 1826 363 1872 iudices,
393 1833 595 1878 quantum
625 1841 701 1879 ego
730 1830 895 1879 possim,
924 1841 991 1866 me
1020 1828 1109 1874 tibi,
1136 1828 1258 1867 saluti
1287 1834 1400 1878 tuae,

198 1905 417 1957 liberisque
450 1909 530 1945 tuis
562 1920 720 1946 summo
752 1920 846 1946 cum
875 1907 1012 1946 studio
1041 1913 1208 1960 praesto
1239 1921 1404 1962 semper

198 1983 395 2024 futurum.
449 1984 563 2025 Vale.

198 2065 275 2102 514·
