1442 2392
657 117 861 157 CICERO

154 221 377 258 mentarios
401 233 536 259 rerum
562 223 773 267 omnium3
814 224 876 259 sin
901 226 1043 259 autem
1067 220 1204 260 differs
1227 233 1296 259 me
1318 222 1362 261 in

155 301 320 346 tempus
342 296 465 342 aliud,
488 310 624 334 coram
646 302 785 335 tecum
806 297 963 348 loquar.
1016 297 1079 335 Tu
1099 299 1260 335 interea
1280 309 1363 343 non

155 373 346 419 cessabis,
363 378 407 411 et
423 386 486 419 ea,
502 386 609 426 quae
625 372 752 412 habes
767 376 974 420 instituta,
988 372 1192 425 perpolies
1206 384 1363 424 nosque

156 448 316 500 diliges.

706 629 813 667 XIII

446 752 494 779 Μ.
522 755 556 780 C.
583 754 616 780 S.
644 754 684 780 D.
713 754 748 780 L.
776 754 941 780 LUCCEIO
968 755 1006 785 Q.
1033 754 1072 780 F.

567 844 733 883 Asturae,
751 856 858 878 A.U.c.
877 846 956 878 709.

208 938 470 990 Quamquam
516 941 606 989 ipsa
651 939 875 977 consolatio
921 939 1154 977 litterarum
1199 943 1364 978 tuarum

156 1015 256 1053 mihi
283 1018 517 1067 gratissima
545 1021 609 1054 est
638 1015 839 1067 (declarat
872 1018 982 1054 enim
1010 1029 1212 1054 summam
1239 1015 1366 1054 bene-

157 1091 394 1137 volentiam,
414 1094 674 1130 coniunctam
702 1094 789 1142 pari
817 1091 1070 1143 prudentia),
1089 1097 1232 1130 tamen
1250 1090 1366 1129 illum

156 1167 337 1206 fructum
366 1181 418 1206 ex
450 1170 498 1206 iis
525 1167 674 1206 litteris
703 1168 769 1206 vel
795 1171 1021 1206 maximum
1049 1170 1154 1219 cepi,
1183 1167 1294 1219 quod
1320 1172 1366 1206 te

156 1244 365 1295 praeclare
382 1257 448 1282 res
465 1243 664 1282 humanas
682 1249 1019 1282 contemnentem
1038 1250 1082 1282 et
1098 1246 1255 1295 optime
1272 1255 1367 1282 con·

157 1326 222 1359 tra
245 1319 454 1359 fortunam
477 1326 668 1371 paratum
693 1326 981 1372 armatumque
1004 1322 1203 1372 cognovi3
1241 1332 1366 1372 quam

158 1397 350 1448 equidem
361 1397 528 1435 laudem
539 1399 768 1448 sapientiae
780 1402 919 1435 statuo
932 1410 1021 1435 esse
1035 1399 1272 1443 maximam,
1284 1408 1367 1435 non

158 1473 321 1512 aliunde
343 1473 541 1524 pendere,
563 1486 639 1511 nec
662 1476 916 1512 extrinsecus
939 1478 1012 1511 aut
1033 1473 1141 1511 bene
1163 1478 1237 1511 aut
1257 1471 1366 1511 male

157 1550 319 1588 vivendi
344 1563 561 1601 suspensas
586 1549 739 1588 habere
763 1552 958 1588 rationes.
1012 1549 1130 1597 Quae
1154 1550 1366 1601 cogitatio,

157 1640 250 1666 cum
285 1626 385 1664 mihi
420 1640 502 1664 non
537 1628 702 1664 omnino
738 1626 958 1664 excidisset
992 1625 1166 1678 (etenim
1199 1628 1366 1676 penitus

156 1702 397 1754 insederat),
409 1704 447 1740 vi
459 1708 602 1740 tamen
616 1707 916 1753 tempestatum
932 1707 976 1740 et
990 1715 1186 1740 concursu
1202 1701 1365 1740 calami—

156 1785 293 1818 tatum
319 1784 409 1817 erat
435 1778 691 1830 aliquantum
715 1777 968 1816 labefactata
993 1784 1119 1830 atque
1145 1777 1365 1824 convulsa;

156 1858 221 1894 cui
241 1861 284 1893 te
305 1854 496 1905 opitulari
516 1860 560 1893 et
581 1854 713 1900 video,
734 1860 778 1892 et
797 1854 839 1892 id
858 1853 1003 1892 fecisse
1024 1857 1150 1893 etiam
1169 1855 1364 1905 proximis

155 1931 304 1969 litteris
317 1930 576 1982 multumque
589 1930 808 1981 profecisse
822 1933 970 1968 sentio.
1024 1930 1173 1982 Itaque
1186 1929 1263 1969 hoc
1275 1942 1364 1968 sae-

155 2010 246 2058 pius
268 2007 486 2046 dicendum
509 2007 667 2058 tibique
689 2020 770 2044 non
791 2005 1102 2058 significandum
1123 2005 1268 2052 solum,
1288 2005 1362 2044 sed

163 2073 238 2110 378
