1442 2392
643 115 847 155 CICERO

142 221 368 270 attigerim,
399 225 606 270 spectasse
639 232 815 270 semper,
847 225 895 258 ut
925 220 1002 258 tibi
1032 233 1195 271 possem
1226 232 1350 272 quam

141 292 321 328 maxime
346 303 435 328 esse
458 293 712 329 coniunctus.
767 290 859 338 Quo
883 291 1050 342 quidem
1074 303 1126 329 ex
1149 295 1352 342 tempore,

142 363 340 399 memoria
381 367 520 406 teneo,
562 374 698 412 neque
739 374 875 399 meam
917 362 994 400 tibi
1034 354 1351 410 observantiam,

143 444 279 482 neque
298 431 398 469 mihi
417 437 533 470 tuam
552 445 754 470 summam
776 432 1108 470 benevolentiam
1134 445 1182 471 ac
1205 432 1351 470 libera-

142 501 304 540 litatem
333 501 526 541 defuisse.
579 501 621 540 Si
649 515 756 554 quae
783 503 1030 549 inciderunt,
1056 516 1139 541 non
1170 509 1259 542 tam
1290 499 1352 549 re,

143 586 268 624 quam
301 575 529 624 suspicione
563 573 729 619 violata,
762 587 825 619 ea,
854 587 947 612 cum
984 572 1140 612 fuerint
1173 579 1217 612 et
1249 571 1352 613 falsa

144 649 188 682 et
225 646 378 689 inania,
413 646 496 682 sint
536 643 675 682 evulsa
711 657 764 682 ex
802 646 914 683 omni
948 647 1147 683 memoria
1184 647 1352 695 vitaque

143 720 296 752 nostra.
351 714 391 752 Is
411 717 521 752 enim
540 720 587 753 tu
607 717 667 753 vir
685 727 744 761 es,
764 720 808 753 et
827 728 923 753 eum
941 728 1009 753 me
1029 728 1118 754 esse
1137 717 1272 766 cupio,
1290 720 1352 761 ut,

144 787 338 836 quoniam
369 787 413 823 in
445 784 591 823 eadem
624 785 872 837 reipublicae
904 791 1093 837 tempora
1123 772 1352 832 incidimus,

144 858 474 894 coniunctionem
515 858 820 907 amicitiamque
857 862 1039 895 nostram
1076 859 1242 908 utrique
1281 869 1353 895 no-

96 929 122 964 4
147 931 278 964 strum
303 926 414 964 laudi
437 939 598 977 sperem
617 925 719 964 fore.
773 926 1052 974 Quamobrem
1070 931 1132 973 tu,
1151 932 1352 978 quantum

144 1002 218 1035 tuo
232 996 380 1035 iudicio
395 997 661 1035 tribuendum
677 1010 766 1035 esse
781 997 897 1036 nobis
911 1003 1049 1048 putes,
1063 1003 1222 1036 statues
1236 999 1324 1049 ipse
1341 1008 1354 1043 ;

146 1073 204 1114 et,
229 1073 276 1106 ut
300 1081 434 1118 spero,
457 1073 617 1106 statues
643 1081 695 1106 ex
719 1074 859 1107 nostra
882 1067 1087 1120 dignitate
1105 1081 1116 1115 ;
1154 1081 1234 1120 ego
1257 1056 1353 1107 vero

146 1139 222 1177 tibi
249 1138 446 1189 profiteor
474 1144 600 1190 atque
629 1138 823 1189 polliceor
851 1142 1046 1177 eximium
1075 1145 1121 1178 et
1147 1139 1353 1191 singulare

145 1222 285 1247 meum
304 1209 487 1248 studium
506 1212 549 1247 in
568 1213 678 1247 omni
703 1223 856 1261 genere
877 1210 995 1256 offici,
1015 1209 1126 1262 quod
1150 1209 1204 1248 ad
1228 1209 1353 1248 hone-

146 1285 300 1319 statem
331 1286 375 1318 et
404 1280 575 1331 gloriam
608 1286 724 1319 tuam
756 1286 934 1331 spectet.
987 1280 1037 1319 In
1067 1294 1163 1333 quo,
1192 1275 1354 1320 etiamsi

146 1351 266 1389 multi
285 1364 447 1389 mecum
466 1351 735 1398 contendent,
754 1357 911 1398 tamen,
930 1365 1024 1390 cum
1042 1351 1208 1403 reliquis
1225 1353 1354 1390 omni-

147 1422 238 1468 bus,
250 1428 340 1460 tum
354 1421 507 1460 Crassis
520 1425 600 1461 tuis
612 1422 827 1469 iudicibus,
840 1436 981 1461 omnes
993 1421 1112 1461 facile
1124 1422 1330 1479 superabo
1342 1434 1355 1469 ς

148 1505 249 1544 quos
265 1492 432 1544 quidem
452 1506 530 1544 ego
550 1493 671 1531 ambo
691 1496 809 1532 unice
829 1493 968 1545 diligo,
984 1493 1072 1540 sed,
1085 1496 1128 1531 in
1149 1492 1355 1532 Marcum¹

147 1563 437 1602 benevolentia
467 1566 572 1615 pari,
604 1563 680 1602 hoc
711 1567 843 1615 magis
875 1578 966 1602 sum
999 1563 1144 1603 Publio
1175 1564 1356 1611 deditus,

148 1634 259 1686 quod
270 1648 352 1681 me,
365 1648 615 1686 quamquam
629 1649 652 1673 a
663 1637 842 1686 pueritia
853 1649 927 1673 sua
937 1648 1114 1686 semper,
1125 1639 1268 1674 tamen
1278 1624 1356 1674 hoc

147 1711 335 1756 tempore
371 1708 565 1752 maxime,
598 1708 704 1744 sicut
733 1705 909 1744 alterum
945 1711 1176 1757 parentem,
1209 1711 1254 1746 et
1284 1706 1356 1745 ob-

99 1781 121 1813 5
147 1782 284 1815 servat
299 1782 343 1814 et
357 1766 505 1827 diligit.
556 1776 641 1814 Has
653 1776 813 1815 litteras
825 1776 946 1815 velim
959 1779 1168 1815 existimes
1178 1775 1356 1817 foederis

145 1846 356 1885 habituras
384 1860 473 1885 esse
502 1850 596 1893 vim,
625 1860 706 1885 non
735 1847 950 1898 epistulae,
978 1860 1128 1899 meque
1156 1860 1220 1894 ea,
1247 1860 1355 1899 quae

148 1917 224 1955 tibi
255 1920 452 1968 promitto
484 1931 531 1956 ac
563 1920 728 1968 recipio,
759 1920 1014 1956 sanctissime
1045 1930 1135 1956 esse
1166 1917 1357 1974 observa-¹

506 2019 520 2041 ¹
546 2020 681 2055 Orelliz
704 2021 740 2054 in
760 2020 887 2054 Marco
900 2021 1001 2055 codd.

154 2076 233 2112 852
