<?xml version="1.0" encoding="UTF-8"?>
<!DOCTYPE html PUBLIC "-//W3C//DTD XHTML 1.0 Transitional//EN"
    "http://www.w3.org/TR/xhtml1/DTD/xhtml1-transitional.dtd">
<html xmlns="http://www.w3.org/1999/xhtml" xml:lang="en" lang="en">
 <head>
  <title>
</title>
<meta http-equiv="Content-Type" content="text/html;charset=utf-8" />
  <meta name='ocr-system' content='tesseract 3.04.00' />
  <meta name='ocr-capabilities' content='ocr_page ocr_carea ocr_par ocr_line ocrx_word'/>
</head>
<body>
  <div class='ocr_page' id='page_1' title='image "./letterstohisfrie01ciceuoft_0326.png"; bbox 0 0 1442 2392; ppageno 0'>
   <div class='ocr_carea' id='block_1_1' title="bbox 658 171 862 211">
    <p class='ocr_par' dir='ltr' id='par_1_1' title="bbox 658 171 862 211">
     <span class='ocr_line' id='line_1_1' title="bbox 658 171 862 211; baseline -0.005 0"><span class='ocrx_word' id='word_1_1' title='bbox 658 171 862 211; x_wconf 90' lang='lat' dir='ltr'>CICERO</span> 
     </span>
    </p>
   </div>
   <div class='ocr_carea' id='block_1_2' title="bbox 110 268 1374 1859">
    <p class='ocr_par' dir='ltr' id='par_1_2' title="bbox 110 268 1374 1859">
     <span class='ocr_line' id='line_1_2' title="bbox 158 268 1366 328; baseline -0.001 -13"><span class='ocrx_word' id='word_1_2' title='bbox 158 282 222 316; x_wconf 81' lang='lat' dir='ltr'><strong>es&#39;c</strong></span> <span class='ocrx_word' id='word_1_3' title='bbox 246 290 364 328; x_wconf 84' lang='lat' dir='ltr'><strong>porro</strong></span> <span class='ocrx_word' id='word_1_4' title='bbox 388 281 521 322; x_wconf 75' lang='lat' dir='ltr'>tuum,</span> <span class='ocrx_word' id='word_1_5' title='bbox 545 289 628 314; x_wconf 89' lang='lat' dir='ltr'><strong>uno</strong></span> <span class='ocrx_word' id='word_1_6' title='bbox 651 268 772 315; x_wconf 67' lang='lat' dir='ltr'><strong>sen‘su</strong></span> <span class='ocrx_word' id='word_1_7' title='bbox 796 276 927 315; x_wconf 87' lang='lat' dir='ltr'><strong>solum</strong></span> <span class='ocrx_word' id='word_1_8' title='bbox 951 275 1159 315; x_wconf 81' lang='lat' dir='ltr'><strong>oculorum</strong></span> <span class='ocrx_word' id='word_1_9' title='bbox 1175 276 1366 321; x_wconf 67' lang='lat' dir='ltr'><strong>moveri}</strong></span> 
     </span>
     <span class='ocr_line' id='line_1_3' title="bbox 158 352 1364 404; baseline -0.001 -12"><span class='ocrx_word' id='word_1_10' title='bbox 158 367 251 392; x_wconf 90' lang='lat' dir='ltr'><strong>cum</strong></span> <span class='ocrx_word' id='word_1_11' title='bbox 275 354 386 392; x_wconf 92' lang='lat' dir='ltr'><strong>idem</strong></span> <span class='ocrx_word' id='word_1_12' title='bbox 409 353 510 391; x_wconf 89' lang='lat' dir='ltr'><strong>illud</strong></span> <span class='ocrx_word' id='word_1_13' title='bbox 533 354 697 391; x_wconf 84' lang='lat' dir='ltr'><strong>auribus</strong></span> <span class='ocrx_word' id='word_1_14' title='bbox 718 355 932 404; x_wconf 82' lang='lat' dir='ltr'>percipias,</span> <span class='ocrx_word' id='word_1_15' title='bbox 953 352 1063 404; x_wconf 91' lang='lat' dir='ltr'>quod</span> <span class='ocrx_word' id='word_1_16' title='bbox 1087 355 1215 391; x_wconf 77' lang='lat' dir='ltr'><strong>etiam</strong></span> <span class='ocrx_word' id='word_1_17' title='bbox 1234 353 1364 391; x_wconf 85' lang='lat' dir='ltr'><strong>maius</strong></span> 
     </span>
     <span class='ocr_line' id='line_1_4' title="bbox 110 428 1365 480; baseline -0.002 -11"><span class='ocrx_word' id='word_1_18' title='bbox 110 437 132 470; x_wconf 84' lang='lat'>2</span> <span class='ocrx_word' id='word_1_19' title='bbox 150 430 279 469; x_wconf 90' lang='lat' dir='ltr'><strong>videri</strong></span> <span class='ocrx_word' id='word_1_20' title='bbox 304 430 424 475; x_wconf 78' lang='lat' dir='ltr'><strong>solet,</strong></span> <span class='ocrx_word' id='word_1_21' title='bbox 443 432 576 468; x_wconf 90' lang='lat' dir='ltr'><strong>minus</strong></span> <span class='ocrx_word' id='word_1_22' title='bbox 604 430 801 468; x_wconf 85' lang='lat' dir='ltr'><strong>laborare.</strong></span> <span class='ocrx_word' id='word_1_23' title='bbox 858 430 917 468; x_wconf 79' lang='lat' dir='ltr'><strong>At</strong></span> <span class='ocrx_word' id='word_1_24' title='bbox 942 429 1018 468; x_wconf 80' lang='lat' dir='ltr'><strong>tibi</strong></span> <span class='ocrx_word' id='word_1_25' title='bbox 1043 431 1121 480; x_wconf 89' lang='lat' dir='ltr'><strong>ipsi</strong></span> <span class='ocrx_word' id='word_1_26' title='bbox 1147 428 1365 468; x_wconf 88' lang='lat' dir='ltr'><strong>dicendum</strong></span> 
     </span>
     <span class='ocr_line' id='line_1_5' title="bbox 158 503 1367 558; baseline -0.001 -14"><span class='ocrx_word' id='word_1_27' title='bbox 158 510 237 545; x_wconf 80' lang='lat' dir='ltr'><strong>erit</strong></span> <span class='ocrx_word' id='word_1_28' title='bbox 261 506 430 558; x_wconf 86' lang='lat' dir='ltr'><strong>aliquid,</strong></span> <span class='ocrx_word' id='word_1_29' title='bbox 455 506 565 558; x_wconf 92' lang='lat' dir='ltr'>quod</span> <span class='ocrx_word' id='word_1_30' title='bbox 588 519 671 544; x_wconf 92' lang='lat' dir='ltr'><strong>non</strong></span> <span class='ocrx_word' id='word_1_31' title='bbox 693 508 862 552; x_wconf 80' lang='lat' dir='ltr'><strong>sentias,</strong></span> <span class='ocrx_word' id='word_1_32' title='bbox 887 511 960 544; x_wconf 80' lang='lat' dir='ltr'><strong>aut</strong></span> <span class='ocrx_word' id='word_1_33' title='bbox 983 504 1232 551; x_wconf 82' lang='lat' dir='ltr'><strong>faciendum,</strong></span> <span class='ocrx_word' id='word_1_34' title='bbox 1256 503 1367 557; x_wconf 85' lang='lat' dir='ltr'>quod</span> 
     </span>
     <span class='ocr_line' id='line_1_6' title="bbox 157 578 1367 634; baseline -0.001 -13"><span class='ocrx_word' id='word_1_35' title='bbox 157 597 238 622; x_wconf 90' lang='lat' dir='ltr'><strong>non</strong></span> <span class='ocrx_word' id='word_1_36' title='bbox 263 584 425 634; x_wconf 86' lang='lat' dir='ltr'><strong>probes.</strong></span> <span class='ocrx_word' id='word_1_37' title='bbox 481 582 663 621; x_wconf 87' lang='lat' dir='ltr'><strong>Primum</strong></span> <span class='ocrx_word' id='word_1_38' title='bbox 686 584 860 634; x_wconf 82' lang='lat' dir='ltr'><strong>tempori</strong></span> <span class='ocrx_word' id='word_1_39' title='bbox 886 582 1049 628; x_wconf 85' lang='lat' dir='ltr'><strong>cedere,</strong></span> <span class='ocrx_word' id='word_1_40' title='bbox 1073 582 1116 621; x_wconf 88' lang='lat' dir='ltr'><strong>id</strong></span> <span class='ocrx_word' id='word_1_41' title='bbox 1139 578 1204 621; x_wconf 59' lang='lat' dir='ltr'><strong>esi:⁸</strong></span> <span class='ocrx_word' id='word_1_42' title='bbox 1227 593 1367 620; x_wconf 85' lang='lat' dir='ltr'><strong>neces-</strong></span> 
     </span>
     <span class='ocr_line' id='line_1_7' title="bbox 157 656 1368 711; baseline -0.002 -13"><span class='ocrx_word' id='word_1_43' title='bbox 157 662 271 699; x_wconf 79' lang='lat' dir='ltr'><strong>sitati</strong></span> <span class='ocrx_word' id='word_1_44' title='bbox 289 673 450 711; x_wconf 85' lang='lat' dir='ltr'><strong>parere,</strong></span> <span class='ocrx_word' id='word_1_45' title='bbox 468 673 631 711; x_wconf 85' lang='lat' dir='ltr'><strong>semper</strong></span> <span class='ocrx_word' id='word_1_46' title='bbox 649 662 845 710; x_wconf 83' lang='lat' dir='ltr'><strong>sapientis</strong></span> <span class='ocrx_word' id='word_1_47' title='bbox 865 664 929 698; x_wconf 84' lang='lat' dir='ltr'><strong>est</strong></span> <span class='ocrx_word' id='word_1_48' title='bbox 946 658 1147 697; x_wconf 85' lang='lat' dir='ltr'><strong>habitum.</strong></span> <span class='ocrx_word' id='word_1_49' title='bbox 1204 656 1368 696; x_wconf 81' lang='lat' dir='ltr'><strong>Deinde</strong></span> 
     </span>
     <span class='ocr_line' id='line_1_8' title="bbox 157 734 1368 788; baseline -0.002 -13"><span class='ocrx_word' id='word_1_50' title='bbox 157 750 241 775; x_wconf 89' lang='lat' dir='ltr'><strong>non</strong></span> <span class='ocrx_word' id='word_1_51' title='bbox 264 736 407 782; x_wconf 81' lang='lat' dir='ltr'><strong>habet,</strong></span> <span class='ocrx_word' id='word_1_52' title='bbox 430 742 478 774; x_wconf 75' lang='lat' dir='ltr'><strong>ut</strong></span> <span class='ocrx_word' id='word_1_53' title='bbox 501 749 608 774; x_wconf 89' lang='lat' dir='ltr'><strong>nunc</strong></span> <span class='ocrx_word' id='word_1_54' title='bbox 632 735 799 788; x_wconf 88' lang='lat' dir='ltr'><strong>quidem</strong></span> <span class='ocrx_word' id='word_1_55' title='bbox 823 741 901 782; x_wconf 81' lang='lat' dir='ltr'><strong>est,</strong></span> <span class='ocrx_word' id='word_1_56' title='bbox 923 735 966 774; x_wconf 88' lang='lat' dir='ltr'><strong>id</strong></span> <span class='ocrx_word' id='word_1_57' title='bbox 990 737 1062 774; x_wconf 79' lang='lat' dir='ltr'><strong>viti</strong></span> <span class='ocrx_word' id='word_1_58' title='bbox 1084 748 1162 774; x_wconf 89' lang='lat' dir='ltr'><strong>res.</strong></span> <span class='ocrx_word' id='word_1_59' title='bbox 1219 734 1368 773; x_wconf 85' lang='lat' dir='ltr'><strong>Dicere</strong></span> 
     </span>
     <span class='ocr_line' id='line_1_9' title="bbox 157 810 1367 865; baseline -0.001 -14"><span class='ocrx_word' id='word_1_60' title='bbox 157 812 347 859; x_wconf 83' lang='lat' dir='ltr'><strong>fortasse,</strong></span> <span class='ocrx_word' id='word_1_61' title='bbox 369 826 476 865; x_wconf 89' lang='lat' dir='ltr'><strong>quae</strong></span> <span class='ocrx_word' id='word_1_62' title='bbox 498 815 667 858; x_wconf 80' lang='lat' dir='ltr'><strong>sentias,</strong></span> <span class='ocrx_word' id='word_1_63' title='bbox 689 826 771 851; x_wconf 90' lang='lat' dir='ltr'><strong>non</strong></span> <span class='ocrx_word' id='word_1_64' title='bbox 791 812 889 851; x_wconf 80' lang='lat' dir='ltr'><strong>licet</strong></span> <span class='ocrx_word' id='word_1_65' title='bbox 907 825 918 858; x_wconf 94' lang='lat'>;</span> <span class='ocrx_word' id='word_1_66' title='bbox 953 818 1093 851; x_wconf 81' lang='lat' dir='ltr'><strong>tacere</strong></span> <span class='ocrx_word' id='word_1_67' title='bbox 1114 811 1236 862; x_wconf 86' lang='lat' dir='ltr'><strong>plane</strong></span> <span class='ocrx_word' id='word_1_68' title='bbox 1257 810 1367 850; x_wconf 85' lang='lat' dir='ltr'><strong>licet.</strong></span> 
     </span>
     <span class='ocr_line' id='line_1_10' title="bbox 159 886 1369 933; baseline -0.002 -5"><span class='ocrx_word' id='word_1_69' title='bbox 159 890 310 928; x_wconf 88' lang='lat' dir='ltr'><strong>Omnia</strong></span> <span class='ocrx_word' id='word_1_70' title='bbox 327 892 437 927; x_wconf 87' lang='lat' dir='ltr'><strong>enim</strong></span> <span class='ocrx_word' id='word_1_71' title='bbox 453 890 592 928; x_wconf 78' lang='lat' dir='ltr'><strong>delata</strong></span> <span class='ocrx_word' id='word_1_72' title='bbox 609 889 662 927; x_wconf 85' lang='lat' dir='ltr'><strong>ad</strong></span> <span class='ocrx_word' id='word_1_73' title='bbox 678 903 805 927; x_wconf 88' lang='lat' dir='ltr'><strong>unum</strong></span> <span class='ocrx_word' id='word_1_74' title='bbox 821 894 930 927; x_wconf 76' lang='lat' dir='ltr'><strong>sunt.</strong></span> <span class='ocrx_word' id='word_1_75' title='bbox 987 888 1026 927; x_wconf 87' lang='lat' dir='ltr'><strong>Is</strong></span> <span class='ocrx_word' id='word_1_76' title='bbox 1043 891 1174 927; x_wconf 78' lang='lat' dir='ltr'><strong>utitur</strong></span> <span class='ocrx_word' id='word_1_77' title='bbox 1189 886 1369 933; x_wconf 89' lang='lat' dir='ltr'><strong>consilio,</strong></span> 
     </span>
     <span class='ocr_line' id='line_1_11' title="bbox 157 964 1369 1018; baseline -0.002 -14"><span class='ocrx_word' id='word_1_78' title='bbox 157 980 210 1009; x_wconf 86' lang='lat' dir='ltr'><strong>ne</strong></span> <span class='ocrx_word' id='word_1_79' title='bbox 231 980 399 1004; x_wconf 87' lang='lat' dir='ltr'><strong>suorum</strong></span> <span class='ocrx_word' id='word_1_80' title='bbox 420 966 602 1018; x_wconf 90' lang='lat' dir='ltr'><strong>quidem,</strong></span> <span class='ocrx_word' id='word_1_81' title='bbox 622 966 696 1004; x_wconf 91' lang='lat' dir='ltr'><strong>sed</strong></span> <span class='ocrx_word' id='word_1_82' title='bbox 716 979 802 1004; x_wconf 88' lang='lat' dir='ltr'><strong>suo.</strong></span> <span class='ocrx_word' id='word_1_83' title='bbox 859 965 980 1013; x_wconf 83' lang='lat' dir='ltr'>Quod</span> <span class='ocrx_word' id='word_1_84' title='bbox 1000 978 1082 1003; x_wconf 91' lang='lat' dir='ltr'><strong>non</strong></span> <span class='ocrx_word' id='word_1_85' title='bbox 1101 964 1232 1003; x_wconf 80' lang='lat' dir='ltr'><strong>multo</strong></span> <span class='ocrx_word' id='word_1_86' title='bbox 1252 977 1369 1003; x_wconf 79' lang='lat' dir='ltr'><strong>secus</strong></span> 
     </span>
     <span class='ocr_line' id='line_1_12' title="bbox 159 1042 1368 1094; baseline -0.002 -13"><span class='ocrx_word' id='word_1_87' title='bbox 159 1043 292 1089; x_wconf 80' lang='lat' dir='ltr'><strong>fieret,</strong></span> <span class='ocrx_word' id='word_1_88' title='bbox 310 1045 344 1081; x_wconf 92' lang='lat' dir='ltr'><strong>si</strong></span> <span class='ocrx_word' id='word_1_89' title='bbox 362 1045 394 1081; x_wconf 91' lang='lat' dir='ltr'><strong>is</strong></span> <span class='ocrx_word' id='word_1_90' title='bbox 413 1042 709 1094; x_wconf 85' lang='lat' dir='ltr'><strong>rempublicam</strong></span> <span class='ocrx_word' id='word_1_91' title='bbox 726 1048 906 1088; x_wconf 79' lang='lat' dir='ltr'><strong>teneret,</strong></span> <span class='ocrx_word' id='word_1_92' title='bbox 925 1055 1050 1093; x_wconf 90' lang='lat' dir='ltr'><strong>quem</strong></span> <span class='ocrx_word' id='word_1_93' title='bbox 1067 1043 1199 1080; x_wconf 84' lang='lat' dir='ltr'><strong>secuti</strong></span> <span class='ocrx_word' id='word_1_94' title='bbox 1216 1053 1368 1079; x_wconf 89' lang='lat' dir='ltr'><strong>sumus.</strong></span> 
     </span>
     <span class='ocr_line' id='line_1_13' title="bbox 158 1119 1370 1171; baseline -0.002 -14"><span class='ocrx_word' id='word_1_95' title='bbox 158 1120 240 1165; x_wconf 91' lang='lat' dir='ltr'><strong>An,</strong></span> <span class='ocrx_word' id='word_1_96' title='bbox 265 1122 334 1171; x_wconf 93' lang='lat' dir='ltr'><strong>qui</strong></span> <span class='ocrx_word' id='word_1_97' title='bbox 358 1122 401 1157; x_wconf 89' lang='lat' dir='ltr'><strong>in</strong></span> <span class='ocrx_word' id='word_1_98' title='bbox 423 1119 547 1165; x_wconf 90' lang='lat' dir='ltr'><strong>bello,</strong></span> <span class='ocrx_word' id='word_1_99' title='bbox 571 1133 665 1157; x_wconf 90' lang='lat' dir='ltr'><strong>cum</strong></span> <span class='ocrx_word' id='word_1_100' title='bbox 690 1121 873 1157; x_wconf 91' lang='lat' dir='ltr'><strong>omnium</strong></span> <span class='ocrx_word' id='word_1_101' title='bbox 898 1124 1084 1157; x_wconf 79' lang='lat' dir='ltr'><strong>nostrum</strong></span> <span class='ocrx_word' id='word_1_102' title='bbox 1107 1120 1370 1157; x_wconf 82' lang='lat' dir='ltr'><strong>coniunctum</strong></span> 
     </span>
     <span class='ocr_line' id='line_1_14' title="bbox 159 1194 1370 1247; baseline -0.002 -13"><span class='ocrx_word' id='word_1_103' title='bbox 159 1202 269 1234; x_wconf 79' lang='lat' dir='ltr'><strong>esset</strong></span> <span class='ocrx_word' id='word_1_104' title='bbox 295 1196 536 1247; x_wconf 86' lang='lat' dir='ltr'><strong>periculum,</strong></span> <span class='ocrx_word' id='word_1_105' title='bbox 562 1209 635 1234; x_wconf 93' lang='lat' dir='ltr'><strong>suo</strong></span> <span class='ocrx_word' id='word_1_106' title='bbox 663 1201 707 1234; x_wconf 78' lang='lat' dir='ltr'><strong>et</strong></span> <span class='ocrx_word' id='word_1_107' title='bbox 733 1201 940 1234; x_wconf 78' lang='lat' dir='ltr'><strong>certorum</strong></span> <span class='ocrx_word' id='word_1_108' title='bbox 965 1194 1177 1233; x_wconf 87' lang='lat' dir='ltr'><strong>hominum</strong></span> <span class='ocrx_word' id='word_1_109' title='bbox 1202 1195 1370 1232; x_wconf 86' lang='lat' dir='ltr'><strong>minime</strong></span> 
     </span>
     <span class='ocr_line' id='line_1_15' title="bbox 158 1272 1371 1324; baseline -0.002 -14"><span class='ocrx_word' id='word_1_110' title='bbox 158 1273 425 1324; x_wconf 82' lang='lat' dir='ltr'><strong>prudentium</strong></span> <span class='ocrx_word' id='word_1_111' title='bbox 442 1272 608 1311; x_wconf 83' lang='lat' dir='ltr'><strong>consilio</strong></span> <span class='ocrx_word' id='word_1_112' title='bbox 626 1278 830 1318; x_wconf 77' lang='lat' dir='ltr'><strong>uteretur,</strong></span> <span class='ocrx_word' id='word_1_113' title='bbox 849 1285 945 1310; x_wconf 89' lang='lat' dir='ltr'><strong>eum</strong></span> <span class='ocrx_word' id='word_1_114' title='bbox 962 1274 1093 1324; x_wconf 87' lang='lat' dir='ltr'><strong>magis</strong></span> <span class='ocrx_word' id='word_1_115' title='bbox 1110 1283 1371 1310; x_wconf 89' lang='lat' dir='ltr'><strong>communem</strong></span> 
     </span>
     <span class='ocr_line' id='line_1_16' title="bbox 157 1347 1370 1399; baseline -0.001 -12"><span class='ocrx_word' id='word_1_116' title='bbox 157 1363 372 1387; x_wconf 90' lang='lat' dir='ltr'><strong>censemus</strong></span> <span class='ocrx_word' id='word_1_117' title='bbox 400 1351 443 1387; x_wconf 92' lang='lat' dir='ltr'><strong>in</strong></span> <span class='ocrx_word' id='word_1_118' title='bbox 472 1351 641 1387; x_wconf 80' lang='lat' dir='ltr'><strong>victoria</strong></span> <span class='ocrx_word' id='word_1_119' title='bbox 669 1348 856 1387; x_wconf 78' lang='lat' dir='ltr'><strong>futurum</strong></span> <span class='ocrx_word' id='word_1_120' title='bbox 883 1347 1024 1394; x_wconf 87' lang='lat' dir='ltr'><strong>fuisse,</strong></span> <span class='ocrx_word' id='word_1_121' title='bbox 1052 1361 1178 1399; x_wconf 86' lang='lat' dir='ltr'><strong>quam</strong></span> <span class='ocrx_word' id='word_1_122' title='bbox 1204 1349 1370 1387; x_wconf 77' lang='lat' dir='ltr'><strong>incertis</strong></span> 
     </span>
     <span class='ocr_line' id='line_1_17' title="bbox 158 1424 1372 1477; baseline -0.002 -13"><span class='ocrx_word' id='word_1_123' title='bbox 158 1428 200 1464; x_wconf 90' lang='lat' dir='ltr'><strong>in</strong></span> <span class='ocrx_word' id='word_1_124' title='bbox 218 1427 339 1464; x_wconf 88' lang='lat' dir='ltr'><strong>rebus</strong></span> <span class='ocrx_word' id='word_1_125' title='bbox 358 1425 504 1464; x_wconf 80' lang='lat' dir='ltr'><strong>fuisset</strong></span> <span class='ocrx_word' id='word_1_126' title='bbox 523 1426 539 1463; x_wconf 87' lang='lat'>?</span> <span class='ocrx_word' id='word_1_127' title='bbox 572 1431 630 1471; x_wconf 78' lang='lat' dir='ltr'><strong>et,</strong></span> <span class='ocrx_word' id='word_1_128' title='bbox 648 1428 718 1477; x_wconf 91' lang='lat' dir='ltr'><strong>qui</strong></span> <span class='ocrx_word' id='word_1_129' title='bbox 736 1438 812 1463; x_wconf 91' lang='lat' dir='ltr'><strong>nec</strong></span> <span class='ocrx_word' id='word_1_130' title='bbox 829 1430 874 1463; x_wconf 81' lang='lat' dir='ltr'><strong>te</strong></span> <span class='ocrx_word' id='word_1_131' title='bbox 891 1424 1056 1464; x_wconf 90' lang='lat' dir='ltr'><strong>consule</strong></span> <span class='ocrx_word' id='word_1_132' title='bbox 1074 1430 1194 1463; x_wconf 85' lang='lat' dir='ltr'><strong>tuum</strong></span> <span class='ocrx_word' id='word_1_133' title='bbox 1210 1425 1372 1475; x_wconf 82' lang='lat' dir='ltr'><strong>sapien-</strong></span> 
     </span>
     <span class='ocr_line' id='line_1_18' title="bbox 158 1500 1373 1548; baseline -0.002 -7"><span class='ocrx_word' id='word_1_134' title='bbox 158 1505 361 1541; x_wconf 77' lang='lat' dir='ltr'><strong>tissimum</strong></span> <span class='ocrx_word' id='word_1_135' title='bbox 378 1501 590 1541; x_wconf 87' lang='lat' dir='ltr'><strong>consilium</strong></span> <span class='ocrx_word' id='word_1_136' title='bbox 607 1507 772 1540; x_wconf 83' lang='lat' dir='ltr'><strong>secutus</strong></span> <span class='ocrx_word' id='word_1_137' title='bbox 791 1507 918 1548; x_wconf 82' lang='lat' dir='ltr'><strong>esset,</strong></span> <span class='ocrx_word' id='word_1_138' title='bbox 936 1515 1026 1547; x_wconf 88' lang='lat' dir='ltr'><strong>nec,</strong></span> <span class='ocrx_word' id='word_1_139' title='bbox 1042 1500 1171 1539; x_wconf 82' lang='lat' dir='ltr'><strong>fratre</strong></span> <span class='ocrx_word' id='word_1_140' title='bbox 1188 1506 1261 1539; x_wconf 81' lang='lat' dir='ltr'><strong>tuo</strong></span> <span class='ocrx_word' id='word_1_141' title='bbox 1278 1513 1373 1539; x_wconf 83' lang='lat' dir='ltr'><strong>con-</strong></span> 
     </span>
     <span class='ocr_line' id='line_1_19' title="bbox 158 1577 1371 1630; baseline -0.001 -13"><span class='ocrx_word' id='word_1_142' title='bbox 158 1579 339 1618; x_wconf 82' lang='lat' dir='ltr'><strong>sulatum</strong></span> <span class='ocrx_word' id='word_1_143' title='bbox 359 1592 411 1617; x_wconf 88' lang='lat' dir='ltr'><strong>ex</strong></span> <span class='ocrx_word' id='word_1_144' title='bbox 432 1581 680 1617; x_wconf 79' lang='lat' dir='ltr'><strong>auctoritate</strong></span> <span class='ocrx_word' id='word_1_145' title='bbox 700 1584 774 1616; x_wconf 79' lang='lat' dir='ltr'><strong>tua</strong></span> <span class='ocrx_word' id='word_1_146' title='bbox 794 1583 983 1630; x_wconf 85' lang='lat' dir='ltr'><strong>gerente,</strong></span> <span class='ocrx_word' id='word_1_147' title='bbox 1003 1578 1116 1616; x_wconf 89' lang='lat' dir='ltr'><strong>vobis</strong></span> <span class='ocrx_word' id='word_1_148' title='bbox 1138 1577 1371 1616; x_wconf 81' lang='lat' dir='ltr'><strong>auctoribus</strong></span> 
     </span>
     <span class='ocr_line' id='line_1_20' title="bbox 158 1655 1372 1701; baseline -0.001 -7"><span class='ocrx_word' id='word_1_149' title='bbox 158 1658 220 1694; x_wconf 83' lang='lat' dir='ltr'><strong>uti</strong></span> <span class='ocrx_word' id='word_1_150' title='bbox 239 1656 427 1701; x_wconf 78' lang='lat' dir='ltr'><strong>voluerit,</strong></span> <span class='ocrx_word' id='word_1_151' title='bbox 445 1668 553 1693; x_wconf 90' lang='lat' dir='ltr'><strong>nunc</strong></span> <span class='ocrx_word' id='word_1_152' title='bbox 572 1657 708 1693; x_wconf 85' lang='lat' dir='ltr'><strong>omnia</strong></span> <span class='ocrx_word' id='word_1_153' title='bbox 727 1660 946 1693; x_wconf 80' lang='lat' dir='ltr'><strong>tenentem</strong></span> <span class='ocrx_word' id='word_1_154' title='bbox 964 1660 1123 1693; x_wconf 81' lang='lat' dir='ltr'><strong>nostras</strong></span> <span class='ocrx_word' id='word_1_155' title='bbox 1141 1655 1372 1693; x_wconf 81' lang='lat' dir='ltr'><strong>sententias</strong></span> 
     </span>
     <span class='ocr_line' id='line_1_21' title="bbox 114 1730 1374 1772; baseline -0.001 -2"><span class='ocrx_word' id='word_1_156' title='bbox 114 1739 135 1772; x_wconf 86' lang='lat'><strong>3</strong></span> <span class='ocrx_word' id='word_1_157' title='bbox 154 1732 487 1770; x_wconf 82' lang='lat' dir='ltr'><strong>desideraturum</strong></span> <span class='ocrx_word' id='word_1_158' title='bbox 520 1745 662 1770; x_wconf 89' lang='lat' dir='ltr'><strong>censes</strong></span> <span class='ocrx_word' id='word_1_159' title='bbox 695 1730 855 1770; x_wconf 88' lang='lat' dir='ltr'><strong>fuisse?</strong></span> <span class='ocrx_word' id='word_1_160' title='bbox 911 1730 1061 1770; x_wconf 85' lang='lat' dir='ltr'><strong>Omnia</strong></span> <span class='ocrx_word' id='word_1_161' title='bbox 1093 1736 1192 1769; x_wconf 77' lang='lat' dir='ltr'><strong>sunt</strong></span> <span class='ocrx_word' id='word_1_162' title='bbox 1224 1732 1374 1771; x_wconf 79' lang='lat' dir='ltr'><strong>misera</strong></span> 
     </span>
     <span class='ocr_line' id='line_1_22' title="bbox 157 1806 1374 1859; baseline -0.001 -13"><span class='ocrx_word' id='word_1_163' title='bbox 157 1812 199 1846; x_wconf 90' lang='lat' dir='ltr'><strong>in</strong></span> <span class='ocrx_word' id='word_1_164' title='bbox 221 1809 338 1847; x_wconf 90' lang='lat' dir='ltr'><strong>bellis</strong></span> <span class='ocrx_word' id='word_1_165' title='bbox 361 1808 558 1854; x_wconf 88' lang='lat' dir='ltr'><strong>civilibus,</strong></span> <span class='ocrx_word' id='word_1_166' title='bbox 582 1821 689 1859; x_wconf 85' lang='lat' dir='ltr'><strong>quae</strong></span> <span class='ocrx_word' id='word_1_167' title='bbox 711 1810 886 1846; x_wconf 85' lang='lat' dir='ltr'><strong>maiores</strong></span> <span class='ocrx_word' id='word_1_168' title='bbox 910 1809 1039 1846; x_wconf 81' lang='lat' dir='ltr'><strong>nostri</strong></span> <span class='ocrx_word' id='word_1_169' title='bbox 1061 1821 1114 1846; x_wconf 91' lang='lat' dir='ltr'><strong>ne</strong></span> <span class='ocrx_word' id='word_1_170' title='bbox 1136 1806 1265 1846; x_wconf 90' lang='lat' dir='ltr'><strong>semel</strong></span> <span class='ocrx_word' id='word_1_171' title='bbox 1287 1809 1374 1858; x_wconf 86' lang='lat' dir='ltr'><strong>qui-</strong></span> 
     </span>
    </p>
   </div>
   <div class='ocr_carea' id='block_1_3' title="bbox 159 1882 1373 1935">
    <p class='ocr_par' dir='ltr' id='par_1_3' title="bbox 159 1882 1373 1935">
     <span class='ocr_line' id='line_1_23' title="bbox 159 1882 1373 1935; baseline -0.001 -12"><span class='ocrx_word' id='word_1_172' title='bbox 159 1885 269 1930; x_wconf 75' lang='lat' dir='ltr'><strong>dem,</strong></span> <span class='ocrx_word' id='word_1_173' title='bbox 299 1891 438 1923; x_wconf 76' lang='lat' dir='ltr'><strong>nostra</strong></span> <span class='ocrx_word' id='word_1_174' title='bbox 471 1890 586 1922; x_wconf 80' lang='lat' dir='ltr'><strong>aetas</strong></span> <span class='ocrx_word' id='word_1_175' title='bbox 619 1897 744 1935; x_wconf 82' lang='lat' dir='ltr'><strong>saepe</strong></span> <span class='ocrx_word' id='word_1_176' title='bbox 773 1886 855 1922; x_wconf 87' lang='lat' dir='ltr'><strong>iam</strong></span> <span class='ocrx_word' id='word_1_177' title='bbox 885 1886 1040 1929; x_wconf 80' lang='lat' dir='ltr'><strong>sensit3</strong></span> <span class='ocrx_word' id='word_1_178' title='bbox 1083 1883 1157 1922; x_wconf 90' lang='lat' dir='ltr'><strong>sed</strong></span> <span class='ocrx_word' id='word_1_179' title='bbox 1189 1882 1373 1922; x_wconf 85' lang='lat' dir='ltr'><strong>miserius</strong></span> 
     </span>
    </p>
   </div>
   <div class='ocr_carea' id='block_1_4' title="bbox 159 2036 1282 2171">
    <p class='ocr_par' dir='ltr' id='par_1_4' title="bbox 159 2036 1282 2171">
     <span class='ocr_line' id='line_1_24' title="bbox 258 2036 1282 2114; baseline 0 -43"><span class='ocrx_word' id='word_1_180' title='bbox 258 2042 273 2058; x_wconf 82' lang='lat'><strong>⁰</strong></span> <span class='ocrx_word' id='word_1_181' title='bbox 288 2038 365 2071; x_wconf 85' lang='lat' dir='ltr'><strong>The</strong></span> <span class='ocrx_word' id='word_1_182' title='bbox 382 2038 496 2072; x_wconf 70' lang='lat' dir='ltr'><strong>whole</strong></span> <span class='ocrx_word' id='word_1_183' title='bbox 513 2036 718 2114; x_wconf 52' lang='lat' dir='ltr'><strong>pffssgmph</strong></span> <span class='ocrx_word' id='word_1_184' title='bbox 735 2037 776 2070; x_wconf 86' lang='lat' dir='ltr'><strong>of</strong></span> <span class='ocrx_word' id='word_1_185' title='bbox 787 2047 912 2088; x_wconf 78' lang='lat' dir='ltr'><strong>course</strong></span> <span class='ocrx_word' id='word_1_186' title='bbox 916 2036 1038 2114; x_wconf 73' lang='lat' dir='ltr'><strong>brlefers</strong></span> <span class='ocrx_word' id='word_1_187' title='bbox 1054 2039 1092 2071; x_wconf 85' lang='lat' dir='ltr'><strong>to</strong></span> <span class='ocrx_word' id='word_1_188' title='bbox 1110 2036 1282 2080; x_wconf 84' lang='lat' dir='ltr'><strong>Pompey.</strong></span> 
     </span>
     <span class='ocr_line' id='line_1_25' title="bbox 601 2080 1009 2115; baseline 0.002 -1"><span class='ocrx_word' id='word_1_189' title='bbox 601 2093 617 2114; x_wconf 86' lang='lat' dir='ltr'>r</span> <span class='ocrx_word' id='word_1_190' title='bbox 634 2085 657 2099; x_wconf 92' lang='lat'>“</span> <span class='ocrx_word' id='word_1_191' title='bbox 668 2092 766 2115; x_wconf 88' lang='lat' dir='ltr'><strong>more</strong></span> <span class='ocrx_word' id='word_1_192' title='bbox 781 2091 913 2115; x_wconf 75' lang='lat' dir='ltr'><strong>accessi</strong></span> <span class='ocrx_word' id='word_1_193' title='bbox 953 2080 1009 2115; x_wconf 88' lang='lat' dir='ltr'><strong>e.”</strong></span> 
     </span>
     <span class='ocr_line' id='line_1_26' title="bbox 159 2129 237 2171; baseline 0 -6"><span class='ocrx_word' id='word_1_194' title='bbox 159 2129 237 2171; x_wconf 76' lang='lat'><strong>292</strong></span> 
     </span>
    </p>
   </div>
  </div>
 </body>
</html>
