1442 2392
638 138 640 141 ’
652 133 856 174 CICERO

147 238 257 274 enim
278 239 471 276 constitui
492 244 646 289 potest,
667 239 778 290 quod
799 253 881 278 non
899 242 1081 280 incurrat
1099 242 1142 279 in
1162 254 1355 294 magnam

147 309 326 362 aliquam
355 311 652 350 difficultatem.
705 311 782 359 Tu,
810 314 844 351 si
873 313 1092 360 videbitur,
1120 317 1181 353 ita
1208 319 1359 353 censeo

146 382 284 431 facias,
305 390 366 431 ut,
387 387 421 423 si
441 384 568 424 habes
588 389 671 424 iam
691 392 911 433 statutum,
932 387 1031 439 quid
1051 388 1127 426 tibi
1148 388 1356 440 agendum

144 463 282 508 putes,
296 460 340 496 in
356 471 437 510 quo
453 472 535 497 non
551 462 605 498 sit
620 462 884 499 coniunctum
899 461 1111 500 consilium
1126 467 1246 500 tuum
1262 474 1357 500 cum

144 543 252 577 meo,
272 532 540 582 supersedeas
561 532 636 571 hoc
655 533 795 572 labore
814 536 972 573 itineris
989 547 1000 581 ;
1033 537 1096 573 sin
1115 540 1256 573 autem
1277 539 1356 582 est,

145 605 256 656 quod
277 619 440 644 mecum
462 610 762 646 communicare
785 608 898 654 velis,
922 621 1000 660 ego
1021 614 1067 647 te
1089 609 1355 659 exspectabo.

144 676 221 724 Tu,
229 679 339 730 quod
349 684 421 718 tuo
431 681 645 719 commodo
656 681 743 728 fiat,
751 695 875 733 quam
885 684 1062 732 primum
1071 681 1194 720 velim
1202 684 1357 734 venias,

144 754 251 791 sicut
266 753 452 792 intellexi
472 760 516 794 et
533 754 673 794 Servio
691 761 736 794 et
754 754 989 795 Postumiae
1006 755 1184 807 plaeere.

705 912 772 952 III

441 1017 488 1044 Μ.
506 1018 545 1044 Τ.
564 1019 600 1044 c.
619 1018 651 1045 s.
671 1018 712 1045 D.
731 1018 819 1045 SER.
838 1018 1018 1045 SULl‘lcxo

552 1109 702 1149 Romae,
719 1121 829 1143 Asty-c.
848 1112 927 1143 708.

184 1202 465 1242 Vehementer
490 1209 534 1242 te
562 1216 651 1242 esse
678 1203 895 1243 sollicitum
922 1209 968 1243 et
991 1206 1035 1242 in
1061 1203 1345 1242 communibus

133 1278 305 1315 miseriis
325 1280 546 1328 praecipuo
567 1277 745 1329 quodam
766 1277 905 1316 dolore
926 1280 1037 1329 angi,
1057 1277 1176 1316 multi
1198 1277 1251 1316 ad
1270 1289 1344 1315 nos

133 1351 318 1401 quotidie
344 1350 551 1390 deferunt.
605 1351 727 1399 Quod
753 1365 1003 1403 quamquam
1028 1350 1196 1390 minime
1221 1353 1345 1389 miror

134 1429 179 1462 et
211 1437 350 1462 meum
383 1425 686 1476 quodammodo
719 1438 909 1477 agnosco,
943 1425 1062 1464 doleo
1095 1431 1251 1471 tamen,
1285 1429 1343 1470 te,

132 1500 335 1548 sapientia
360 1498 595 1549 praeditum
621 1512 748 1550 prope
775 1498 984 1551 singulari,
1011 1512 1092 1537 non
1118 1501 1200 1537 tuis
1226 1498 1343 1558 bonis

133 1571 330 1610 delectari
359 1575 511 1623 potius,
541 1586 666 1624 quam
697 1572 838 1612 alienis
868 1573 984 1611 malis
1014 1571 1215 1611 laborare.
1269 1570 1343 1609 Me

133 1645 314 1696 quidem,
343 1648 421 1684 etsi
449 1649 602 1684 nemini
629 1646 823 1692 concedo,
851 1649 921 1698 qui
948 1649 1145 1685 maiorem
1173 1658 1225 1684 ex
1251 1658 1343 1696 per-

132 1721 236 1757 nicie
260 1725 304 1757 et
324 1725 444 1769 peste
466 1719 714 1770 reipublicae
737 1720 968 1758 molestiam
990 1722 1178 1765 traxerit,
1201 1724 1343 1757 tamen

131 1792 262 1831 multa
287 1795 368 1830 iam
395 1793 670 1840 consolantur,
687 1797 949 1845 maximeque
977 1794 1226 1832 conscientia
1249 1805 1343 1830 con-

132 1866 311 1904 siliorum
323 1880 521 1905 meorum.
578 1867 715 1905 Multo
728 1870 837 1905 enim
853 1873 965 1913 ante,
978 1873 1192 1918 tamquam
1205 1879 1256 1904 ex
1273 1865 1344 1903 ali-

132 1952 213 1990 qua
233 1939 412 1990 specula,
433 1944 622 1991 prospexi
644 1946 938 1992 tempestatem
960 1939 1142 1979 futuram
1160 1952 1170 1986 ;
1205 1951 1343 1991 neque

130 2012 173 2050 id
187 2012 317 2051 solum
333 2027 426 2051 mea
441 2020 603 2064 sponte,
617 2014 690 2052 sed
703 2014 834 2052 multo
847 2017 973 2052 etiam
987 2015 1131 2065 magis,
1144 2018 1341 2051 monente

139 2078 216 2111 254
