1442 2392
699 136 904 177 CICERO
940 146 943 147 ’

197 243 251 283 (10
274 251 328 287 00,
352 242 586 282 admonitus
612 245 796 282 omnium
821 244 958 282 studia
983 246 1157 284 vincam.
1210 245 1301 297 Ego
1324 246 1404 298 etsi

197 333 334 358 coram
356 319 408 358 de
430 325 474 358 te
497 333 591 357 cum
613 318 805 388 Furfanio
827 322 888 358 ita
908 320 1066 373 loquar,
1088 326 1136 360 ut
1157 322 1235 363 tibi
1254 319 1404 384 littei-is

185 391 299 434 ⁴meis
331 396 385 434 ad
417 409 512 435 eum
542 396 644 434 nihil
674 409 776 448 opus
809 399 876 444 sit,
908 402 1064 445 tamen,
1096 400 1305 449 quoniam
1316 376 1404 438 tuis

196 472 365 524 placuit,
391 478 436 510 te
466 472 621 511 habere
648 486 762 511 meas
793 473 968 519 litteras,
994 485 1095 525 quas
1127 477 1166 512 ei
1187 474 1403 522 redderes,

162 589 165 591 ,
196 562 353 587 morem
370 549 432 587 his
449 552 572 600 gessi.
626 550 780 588 Earum
795 549 1029 588 litterarum
1046 551 1283 603 exemplum
1299 549 1404 591 infra

148 608 150 610 v
194 628 394 676 scriptum
414 630 492 664 est.

771 729 833 769 IX

388 846 435 872 M.
463 847 605 873 CICERO
632 847 665 874 S.
693 847 734 873 D.
761 847 800 874 T.
829 847 1035 874 FURFANIO
1062 847 1224 876 PROCOS·

629 937 755 977 Rome,
773 949 881 972 A.u.c.
900 940 978 972 708.

157 1036 176 1071 1
248 1031 351 1070 Cum
366 1032 416 1070 A,
431 1030 607 1069 Caecina
619 1036 739 1069 tanta
751 1031 850 1069 mihi
863 1030 1119 1071 familiaritas
1131 1020 1404 1075 consuetudo}

195 1122 277 1160 que
306 1121 469 1159 semper
497 1106 590 1154 fuit,
614 1113 662 1148 ut
690 1107 802 1146 nulla
829 1110 958 1147 maior
984 1121 1074 1149 esse
1098 1111 1241 1160 possit.
1297 1091 1403 1149 Nam

196 1190 241 1223 et
265 1189 385 1235 patre
414 1186 514 1229 eius,
540 1183 648 1222 claro
674 1183 839 1222 homine
867 1189 911 1222 et
935 1183 1033 1222 forti
1059 1171 1158 1231 viro,
1183 1182 1403 1240 plurimum

195 1263 256 1299 usi
290 1273 443 1305 sumus,
478 1265 522 1298 et
554 1259 662 1298 hunc
696 1273 722 1298 a
753 1273 896 1311 puero,
931 1260 1041 1311 quod
1075 1251 1123 1300 et'
1155 1246 1283 1312 spem*
1304 1262 1402 1310 mihi

193 1349 388 1387 magnam
425 1335 624 1374 afferebat
660 1349 845 1374 summae
881 1336 1099 1387 probitatis
1135 1350 1403 1390 summaeque

195 1412 471 1463 eloquentiae,
500 1417 544 1450 et
570 1412 736 1450 vivebat
762 1425 924 1450 mecum
951 1414 1294 1460 coniunctissime,
1320 1427 1402 1471 11011

194 1475 325 1528 solum
349 1487 486 1526 officiis
514 1490 733 1534 amicitiae,
754 1488 828 1526 sed
856 1490 982 1526 etiam
1010 1488 1154 1527 studiis
1181 1471 1402 1529 communi·

193 1565 283 1610 bus,
304 1567 359 1602 sic
384 1577 546 1615 semper
566 1564 704 1609 dilexi,
725 1569 773 1602 ut
796 1577 878 1602 non
898 1563 979 1602 ullo
999 1577 1093 1602 cum
1118 1564 1283 1604 homine
1308 1553 1402 1605 eon-t

153 1646 175 1680 2
194 1643 369 1678 iunctius
399 1642 593 1678 viverem.
648 1639 757 1677 Nihil
786 1643 940 1679 attinet
968 1653 1036 1678 me
1064 1640 1183 1691 plura
1210 1642 1400 1685 scribere.

193 1717 328 1765 Quam
347 1716 445 1754 mihi
465 1729 634 1754 neeesse
653 1718 708 1754 sit
728 1719 814 1754 eius
834 1716 1011 1754 salutem
1031 1722 1075 1755 et
1092 1715 1292 1764 fortunas,
1312 1708 1401 1770 (11114

192 1794 446 1844 buscumque
482 1793 604 1831 rebus
639 1795 805 1844 possim,
842 1795 964 1838 tueri,
1000 1792 1126 1832 vides.
1181 1777 1403 1851 Reliquum?

193 1875 271 1915 est,
294 1875 355 1915 ut,
378 1882 471 1909 eum
493 1872 702 1921 cognorim
723 1869 906 1920 pluribus
928 1869 1065 1915 rebus,
1087 1869 1188 1920 quid
1208 1875 1256 1908 tu
1279 1875 1324 1909 et
1345 1869 1402 1909 de

193 1945 391 1984 bonorum
408 1945 574 1984 fortuna
593 1951 636 1983 et
653 1945 705 1984 de
722 1945 971 1996 reipublicae
989 1945 1290 2003 calamitatibus
1308 1948 1402 1998 sen-²:¹

190 2025 302 2068 tires,
327 2006 474 2060 nihil—a
497 2027 541 2060 te
569 2027 725 2073 pet-am.
749 2024 825 2060 nisi
854 2027 900 2059 ut
930 2020 982 2075 ad
1012 2034 1104 2060 eam
1128 2021 1399 2070 voluntatem,

192 2083 278 2126 476,
