1442 2392
704 157 908 198 CICERO

202 257 362 298 fusione
377 273 515 298 rerum
531 262 713 299 omnium
728 263 971 302 viveremus.
1024 262 1203 304 Necesse
1220 268 1285 305 est
1301 265 1408 310 enim

203 327 359 363 minore
372 325 574 364 desiderio
585 326 749 377 perdita
763 327 972 378 republica
986 340 1140 374 carere,
1152 340 1277 381 quam
1287 327 1411 369 bo'na

204 389 285 428 Sed
308 389 384 428 hoc
407 403 560 441 genere
583 390 683 428 nihil
709 404 809 442 opus
837 398 914 431 est.
970 392 1223 432 Incolumem
1246 399 1290 432 te
1314 396 1410 442 cito,

204 460 251 493 ut
271 468 403 506 spero,
419 455 484 494 vel
497 458 635 507 potius
654 462 702 494 ut
720 459 935 508 perspicio,
947 457 1189 498 videbimus.
1244 448 1411 502 Interea

204 521 280 558 tibi
312 521 489 566 absenti,
523 526 567 559 et
597 520 706 568 huic,
739 525 809 573 qui
843 522 975 568 adest,
1007 526 1176 575 imagini
1208 526 1336 577 animi
1360 529 1412 578 ,et

203 587 380 636 corporis
409 588 485 631 tui,
515 589 843 626 constantissimo
871 593 1000 639 atque
1028 591 1185 640 optimo
1213 577 1295 628 filii>
1323 595 1412 637 tuo,

204 650 401 696 studium,
416 651 604 698 officium,
621 665 802 703 operam,
817 652 1001 691 laborem
1015 666 1155 692 meum
1169 654 1413 709 iampridem

206 721 250 754 et
269 716 472 767 pollicitus
494 729 585 754 sum
607 722 651 755 et
671 717 830 764 detuli3
866 731 974 756 nunc
994 717 1071 758 hoc
1092 719 1279 771 amplius,
1301 719 1412 772 quod

205 794 273 819 me
304 783 546 820 amicissime
577 782 762 833 quotidie
792 786 922 834 magis
954 782 1105 822 Caesar
1135 779 1412 836 amplectitur,

204 845 425 885 familiares
441 847 608 898 quidem
624 850 724 894 eius,
740 851 859 886 sicuti
873 851 1096 888 neminem.
1148 849 1275 901 Apud
1287 838 1414 903 quem

206 911 407 962 quidquid
419 912 564 950 valebo
579 912 645 951 vel
658 916 907 952 auctoritate
921 913 987 952 vel
1001 917 1148 965 gratia,
1162 914 1308 953 valebo
1321 915 1413 955 tibi.

205 976 268 1015 Tu
287 989 397 1022 cura,
415 982 463 1015 ut
481 990 574 1014 cum
594 977 844 1017 firmitudine
862 984 907 1017 te
925 981 1065 1025 animi,
1083 985 1175 1018 tum
1193 981 1320 1018 etiam
1337 983 1413 1033 spe

206 1042 363 1090 optima
381 1045 603 1079 sustentes.

770 1206 852 1246 VII

478 1320 518 1348 A.
544 1321 712 1347 CAECINA
740 1322 773 1349 S.
801 1322 841 1349 D.
870 1322 916 1349 M.
945 1323 1134 1351 CICERONI

624 1411 774 1451 Romae,
791 1423 898 1446 A.u.c.
916 1416 936 1446 7
938 1416 994 1447 08.

165 1513 196 1546 1·
254 1506 376 1555 Quod
408 1507 484 1544 tibi
517 1519 600 1544 non
632 1512 720 1545 tam
752 1507 942 1546 celeriter
975 1507 1079 1547 liber
1112 1514 1181 1549 est.
1209 1509 1410 1557 redditam,

202 1574 367 1622 ignosce
392 1568 529 1609 timori
553 1577 692 1609 nostro
719 1577 763 1610 et
787 1574 982 1611 miserere
1007 1577 1217 1625 temporis.
1271 1572 1409 1622 Filius,

202 1642 250 1674 ut
280 1636 414 1682 audio,
446 1638 675 1688 pertimuit,
708 1650 844 1688 neque
876 1639 1036 1684 iniuria,
1064 1641 1098 1677 si
1124 1639 1229 1678 liber
1256 1643 1409 1686 exisset

202 1701 382 1752 (quando
398 1715 480 1739 non
496 1706 583 1739 tam
599 1704 787 1748 interest,
804 1715 885 1753 quo
902 1705 1037 1762 animo
1053 1704 1267 1752 scribatur,
1283 1719 1407 1766 quam

200 1779 281 1817 quo
305 1766 558 1818 accipiatur),
581 1779 634 1804 ne
659 1780 708 1804 ea
729 1780 795 1805 res
818 1770 960 1818 inepte
984 1767 1083 1807 mihi
1106 1775 1289 1816 noceret,
1312 1783 1407 1821 cum

248 1920 263 1936 ⁶
289 1916 322 1949 It
353 1918 382 1949 is
413 1920 475 1950 not
506 1916 600 1950 clear
630 1917 787 1951 whether
817 1917 887 1950 this
919 1928 991 1951 was
1023 1917 1207 1953 Caecina’s
1241 1914 1340 1955 Book
1364 1910 1403 1990 δί

200 1959 489 1993 Remonstrances
502 1959 622 2002 (Liber
635 1960 896 2002 Querellarum)
914 1962 1117 1996 mentioned
1134 1964 1170 1996 in
1182 1962 1243 1997 the
1258 1973 1283 2007 p
1386 1973 1390 1976 ’

200 2003 511 2080 ἷῗξὲὲῗεῖιίςῖἶέἓε
521 2007 702 2081 ’ἒὲῗιιῗιῗιῖῒ
717 2004 1001 2082 3θῖἷῖἓῖαᾶΞὶ
1014 2005 1263 2083 ἓῗιιῖἓῖῗῗὲὶὶ
1281 2003 1339 2047 ⁰⁶
1359 2018 1402 2067 ἰ’

198 2097 278 2137 464
