1442 2392
710 143 915 183 CICERO

786 281 847 320 IX

443 380 492 409 u.
518 381 557 408 Τ.
585 382 620 408 0.
647 382 680 408 s.
708 383 749 408 D.
777 383 814 408 P.
841 383 1020 409 LENTULO
1047 378 1298 411 mmmmm

631 447 780 487 Romae,
798 459 905 482 A.u.c.
925 450 1003 482 700.

173 513 189 546 l
265 507 545 547 Per-iucundae
578 509 677 546 mihi
705 508 874 548 fuerunt
904 509 1069 548 litterae
1101 515 1229 556 tuae3
1269 511 1417 563 quibus

208 562 408 609 intellexi,
432 569 476 601 te
499 566 730 614 perspicere
754 577 891 602 meam
913 566 956 602 111
978 570 1022 602 te
1046 566 1278 615 pietatem.;
1317 565 1418 617 quid

210 619 320 655 enim
343 617 477 656 dicam
499 618 845 664 benevolentiam,
868 632 962 656 cum
985 618 1085 657 illud
1106 621 1242 670 ipsum
1258 622 1417 671 *gravis-

208 673 356 710 simum
380 677 424 710 et
453 675 752 710 sanctissimum
781 686 933 711 nomen
961 674 1129 723 pietatis
1157 673 1287 712 levius
1315 674 1416 715 mihi

209 728 365 764 meritis
395 739 494 778 erga
521 740 588 764 me
618 729 699 765 tuis
729 740 818 765 esse
847 727 1070 766 videatur?
1125 727 1248 776 Quod
1275 733 1417 768 autem

207 781 283 819 tibi
310 786 431 832 grata
457 793 552 819 mea
580 794 678 832 erga
705 787 749 819 te
777 781 914 820 studia
941 782 1080 821 scribis
1107 795 1212 828 esse,
1238 780 1339 822 facis
1365 787 1416 822 tu

208 834 375 886 quidem
406 835 659 873 abundantia
686 835 864 887 quadam
885 838 1046 882 amoris,
1067 841 1115 874 ut
1142 839 1269 875 etiam
1294 843 1417 890 grata

209 891 291 927 sint
320 902 383 934 ea,
410 903 516 940 quae
545 892 823 940 praetermitti
851 892 938 928 sine
967 889 1123 930 nefario
1151 891 1306 930 scelere
1333 905 1416 940 non

208 949 394 994 possunt;
446 944 536 982 Tibi
570 950 710 983 autem
740 944 871 983 multo
902 947 1036 983 notior
1067 950 1194 996 atque
1223 945 1416 989 illustrior

207 996 323 1035 meus
348 1000 390 1035 in
414 1003 458 1036 te
483 1000 643 1036 animus
668 1005 792 1045 esset,
816 1002 849 1037 si
873 998 950 1037 hoc
973 1005 1160 1050 tempore
1185 1002 1311 1047 0111111,
1333 1013 1416 1052 quo

208 1052 399 1090 disiuncti
445 1051 610 1098 fuimus,
659 1059 703 1091 et
747 1066 829 1092 una
881 1059 926 1092 et
977 1053 1132 1092 Romae
1184 1052 1416 1096 fuissemus.

164 1110 187 1143 2
207 1106 313 1144 Nam
344 1109 387 1144 in
420 1119 469 1145 eo
501 1109 603 1158 ipso,
636 1107 747 1158 quod
778 1113 822 1146 te
855 1107 1037 1146 ostendis
1071 1121 1160 1146 esse
1192 1107 1416 1157 facturum,

206 1161 399 1211 quodque
422 1166 466 1199 et
486 1163 529 1198 in
550 1164 689 1212 primis
710 1167 844 1212 poteS‚
867 1167 911 1200 et
933 1174 1011 1214 ego
1033 1175 1058 1200 a
1078 1167 1123 1201 te
1145 1162 1415 1203 vehementer

206 1221 416 1265 exspecto,
439 1218 482 1253 in
506 1219 722 1254 sententiis
746 1219 959 1254 senatoriis
985 1222 1029 1255 et
1051 1219 1094 1254 in
1117 1219 1228 1255 0111111
1252 1219 1414 1257 actione

206 1275 332 1321 atque
357 1270 710 1308 administratione
735 1271 983 1321 reipublicae
1007 1270 1281 1310 floruissemus
1294 1284 1306 1318 ;
1343 1270 1414 1324 (de

206 1337 288 1375 qua
322 1324 539 1362 ostendam
575 1325 768 1376 equidem
802 1325 925 1376 paulo
959 1330 1067 1376 post,
1103 1328 1175 1377 qui
1209 1328 1263 1364 sit
1297 1339 1414 1367 meus

205 1391 347 1416 sensus
388 1384 433 1417 et
472 1384 619 1425 status,
657 1385 702 1417 et
741 1380 961 1418 rescribam
998 1380 1074 1418 tibi
1115 1379 1168 1419 ad
1209 1393 1272 1426 ea,
1305 1393 1412 1433 quae

205 1432 410 1484 quaeris);
437 1432 510 1470 sed
535 1438 648 1471 certe
673 1439 718 1471 et
741 1447 818 1485 ego
846 1438 890 1471 te
910 1439 1076 1472 auctore
1101 1436 1343 1473 amicissimo
1365 1448 1414 1475 ac

203 1489 518 1537 sapientissimo,
561 1493 605 1526 et
646 1494 693 1526 tu
735 1501 803 1526 me
845 1488 1071 1527 consiliario
1112 1487 1286 1528 fortasse
1328 1502 1412 1529 non

255 1570 270 1586 ⁰
292 1565 378 1598 This
393 1566 594 1599 celebrated
619 1567 731 1606 letter,
749 1567 864 1600 which
881 1570 994 1600 teems
1010 1567 1096 1600 with
1113 1568 1259 1600 interest
1276 1567 1335 1600 for
1351 1566 1412 1601 the

208 1608 354 1642 student
370 1609 410 1642 of
423 1609 578 1643 Cicero's
590 1610 750 1652 political
762 1611 835 1650 life,
848 1621 921 1644 was
934 1612 1074 1644 written
1090 1611 1188 1644 11154
1201 1621 1281 1650 11.0.,
1295 1610 1410 1651 when,

205 1663 245 1685 as
264 1653 334 1685 Mr.
353 1652 446 1686 How
491 1656 547 1687 uts
571 1655 609 1693 it,
631 1657 653 1671 “
667 1654 802 1696 Pompe
844 1654 915 1687 still
941 1653 1042 1688 ruled
1067 1653 1182 1688 Rome
1201 1665 1240 1688 as
1263 1654 1343 1688 best
1365 1654 1411 1692 he

211 1695 331 1734 could,
357 1695 429 1729 and
455 1664 580 1730 gicero
605 1699 790 1740 acquiesce
847 1699 884 1731 in
910 1698 965 1731 his
989 1708 1032 1731 su
1059 1707 1216 1740 remacy,
1242 1697 1314 1731 still
1345 1696 1412 1738 unss

207 1741 393 1773 conscious
411 1739 490 1773 that
514 1742 540 1773 it
562 1741 678 1782 might
698 1741 743 1774 be
765 1741 941 1774 hereafter
959 1741 1030 1774 cha
1044 1740 1173 1784 lenged
1194 1741 1246 1783 by
1265 1740 1410 1775 Caesar.

209 1783 275 1816 His
299 1783 476 1825 complete
501 1787 714 1826 acceptance
740 1785 780 1818 of
807 1785 867 1818 the
892 1786 1048 1827 position
1074 1785 1103 1818 is
1128 1784 1253 1818 shown
1279 1783 1331 1827 by
1354 1784 1411 1818 his

208 1826 380 1860 laboured
396 1826 544 1860 defence
560 1827 601 1860 of
614 1828 669 1861 his
684 1827 841 1862 conduct
853 1828 873 1842 ”
892 1830 929 1861 111
944 1828 1016 1861 this
1032 1827 1144 1861 letter.

254 1870 287 1902 It
311 1871 340 1903 is
364 1881 410 1903 an
434 1873 598 1911 ἀπολογία
613 1871 670 1904 for
693 1871 748 1905 his
770 1872 911 1914 change
927 1871 968 1905 of
986 1870 1146 1914 political
1168 1871 1267 1905 front
1292 1870 1411 1905 rather

209 1914 297 1946 than
314 1925 337 1946 a
352 1916 545 1955 παλινῳδία,
558 1914 615 1948 for
629 1915 709 1948 that
725 1915 796 1948 had
814 1914 961 1958 already
977 1913 1156 1958 appeared
1172 1915 1286 1948 either
1303 1915 1339 1948 in
1354 1914 1410 1948 his

206 1957 334 1998 speech
359 1957 412 1990 De
432 1958 632 2000 provinciis
660 1959 918 1998 consularibus,
951 1969 991 1992 or
1020 1958 1091 1992 else
1121 1959 1158 1991 in
1183 1968 1282 1991 some
1310 1968 1409 1991 more

205 2000 317 2033 direct
332 2003 637 2035 communication
654 2004 691 2035 to
708 2002 840 2035 Caesar
853 2002 893 2035 of
905 2002 1021 2035 which
1035 2013 1087 2035 we
1103 2001 1195 2035 have
1210 2012 1258 2035 no
1271 2000 1407 2035 record.

252 2044 303 2077 As
327 2047 365 2077 to
390 2045 444 2078 his
466 2046 631 2087 personal
657 2045 824 2079 relations
845 2048 883 2079 to
906 2046 967 2079 the
992 2045 1241 2085 Triumvirate,
1267 2044 1311 2078 he
1334 2043 1404 2079 had

206 2086 259 2127 46
