1442 2392
675 134 878 174 CICERO

178 235 372 287 Pompeio
399 240 526 275 emori
552 251 731 288 possum.
785 237 867 276 Sed
893 243 1036 276 tamen
1060 240 1150 288 ipsa
1174 235 1380 287 republica

177 306 275 344 nihil
294 307 393 345 mihi
414 314 478 346 est
498 311 628 346 carius
647 321 656 353 ;
690 311 733 346 in
753 321 835 359 qua
854 314 902 346 tu
922 321 1004 346 non
1024 307 1142 346 valde
1163 313 1206 346 te
1225 309 1354 345 iactas
1371 319 1382 345 ι

178 377 386 416 districtus
406 381 515 416 enim
535 378 635 416 mihi
653 378 801 416 videris
822 391 925 424 esse,
945 378 1056 429 quod
1075 384 1120 416 et
1138 378 1269 417 bonus
1287 378 1383 416 civis

179 453 224 486 et
259 448 388 486 bonus
425 451 578 487 amicus
614 462 672 487 es.
725 449 816 501 Ego
851 449 903 488 de
938 451 1146 500 provincia
1179 447 1384 487 decedens

179 524 441 569 quaestorem
457 519 641 557 Caelium
654 522 871 570 praeposui
885 522 1132 570 provinciae.
1174 518 1352 557 Puerum
1367 518 1382 556 ?

178 591 352 640 inquies.
406 589 465 628 At
479 596 770 641 quaestorem3
800 596 844 628 at
858 590 1037 628 nobilem
1051 589 1359 629 adulescentem
1373 600 1384 634 ς

179 664 224 698 at
261 662 442 697 omnium
480 659 567 698 fere
606 660 824 711 exemplo·
815 689 824 706 ,
877 673 1013 712 neque
1051 666 1141 699 erat
1177 661 1385 723 superiore

179 729 332 768 honore
362 744 472 777 usus,
501 744 626 782 quem
653 731 934 782 praeficerem.
988 730 1229 782 Pomptinus
1252 718 1388 778 multo

179 807 277 839 ante
315 801 586 840 discesserat·
576 830 586 847 ‚
639 816 663 840 a
700 802 856 850 Quinto
893 801 1021 840 fratre
1057 803 1270 853 impetrari
1302 813 1384 839 non

177 877 345 923 poterat
362 885 372 918 ;
404 885 529 924 quem
546 878 689 911 tamen
706 875 739 911 si
756 873 1025 924 reliquissem,
1042 873 1230 912 dicerent
1242 871 1385 923 iniqui3

179 956 261 981 non
285 956 352 981 me
377 942 499 993 plane
523 949 619 994 post
644 957 811 989 annum,
836 949 883 982 ut
908 949 1076 982 senatus
1101 943 1310 991 voluisset,
1332 938 1385 980 de

178 1016 385 1064 provincia
413 1014 651 1060 decessisse,
680 1017 874 1065 quoniam
903 1014 1079 1053 alterum
1108 1027 1176 1052 me
1203 1013 1387 1064 reliquis⁹

178 1098 280 1123 sem.
335 1085 524 1123 Fortasse
558 1088 685 1124 etiam
716 1085 816 1123 illud
847 1085 1064 1131 adderent,
1095 1091 1285 1124 senatum
1316 1095 1386 1122 eos

179 1155 352 1193 voluisse
389 1158 603 1206 provinciis
640 1169 846 1206 praeesse,
884 1158 953 1207 qui
991 1162 1116 1195 antea
1151 1169 1234 1194 non
1269 1157 1386 1206 prae-

178 1225 353 1264 fuissent
371 1239 380 1271 ;
413 1225 585 1265 fratrem
604 1240 743 1265 meum
762 1230 984 1266 triennium
1004 1227 1128 1266 Asiae
1145 1225 1386 1278 praefuisse.

180 1297 372 1349 Denique
406 1312 514 1336 nunc
546 1298 740 1337 sollicitus
774 1312 856 1337 non
889 1312 1006 1345 sum;
1055 1301 1088 1337 si
1120 1297 1292 1337 fratrem
1322 1310 1386 1336 re-

178 1367 401 1419 liquissem,
425 1371 562 1406 omnia
584 1371 789 1407 timerem.
843 1367 1056 1407 Postremo
1079 1382 1161 1407 non
1183 1373 1271 1407 tam
1291 1372 1386 1422 meas

179 1445 341 1490 sponte,
361 1452 485 1490 quam
502 1442 881 1490 potentissimorum
901 1439 1074 1478 duorum
1093 1439 1298 1491 exemplo,
1314 1441 1385 1492 qui

178 1522 320 1548 omnes
344 1509 503 1548 Cassios
525 1510 812 1561 Antoniosque
835 1510 1036 1561 complexi
1059 1516 1170 1556 sunt,
1189 1509 1387 1549 nobileml.

178 1580 486 1619 adulescentem
510 1595 591 1619 non
615 1587 703 1619 tam
728 1581 888 1619 allicere
914 1582 1035 1628 volui,
1059 1594 1183 1634 quam
1207 1581 1384 1620 alienare

178 1652 302 1690 nolui.
357 1652 446 1691 Hoc
470 1658 517 1691 tu
540 1666 680 1691 meum
703 1653 914 1692 consilium
937 1653 1079 1692 laudes
1102 1666 1270 1692 necesse
1294 1658 1384 1695 est:

590 1733 603 1752 ¹
629 1733 810 1766 hominem
831 1733 981 1775 Tyrrell.

226 1817 380 1859 Pomp
382 1819 480 1850 tinus
504 1817 577 1851 had
609 1818 700 1851 been
728 1821 943 1861 propraetor
966 1819 1003 1852 in
1025 1818 1265 1863 Transalpine
1287 1819 1384 1854 Gau]

184 1861 219 1893 in
256 1862 310 1899 62,
344 1861 416 1894 and
457 1862 493 1894 in
532 1863 572 1894 61
614 1862 747 1903 fought
785 1872 826 1895 so
863 1862 1102 1905 successfully
1139 1864 1286 1905 against
1322 1862 1384 1903 the

183 1904 401 1947 Allobroges
417 1904 498 1937 that
514 1905 559 1937 he
575 1904 749 1938 obtained
766 1916 787 1938 8
803 1905 979 1948 triumph.
1027 1905 1180 1949 Tyrrell.
1245 1910 1253 1917 '

230 1948 242 1968 δ
267 1915 420 1989 Though
463 1951 622 1981 uaestors
637 1959 728 1981 were
743 1948 911 1991 properly
925 1949 1056 1982 chosen
1076 1949 1126 1991 by
1145 1949 1206 1988 lot,
1223 1949 1312 1983 Pom

182 1989 253 2022 had
271 1992 442 2032 appointe
485 1990 530 2031 Q.
550 1990 693 2024 Cassius
711 1994 748 2025 to
766 1991 810 2024 be
828 1992 882 2024 his
900 1995 1079 2035 quaestor,
1097 2002 1136 2026 as
1158 1991 1290 2026 Caesar
1275 1960 1384 2037 mgead

181 2034 375 2076 appointed
394 2034 554 2077 Antony.

189 2090 262 2123 140
