1442 2392
669 124 874 165 CICERO

117 231 139 263 2
165 226 265 265 mihi
292 225 430 266 fratris
457 227 546 266 loco
575 241 664 267 esse
694 229 813 267 duco.
867 229 933 268 De
961 229 1031 268 illo
1058 242 1112 269 ne
1139 233 1376 275 meminisse

165 289 332 340 quidem
354 289 459 336 volo,
480 293 649 329 tametsi
675 291 738 329 bis
767 304 863 329 eum
887 294 1063 330 invitum
1083 295 1254 332 servavi.
1308 293 1378 332 De

164 355 267 390 meis
282 353 419 398 rebus,
436 366 488 390 ne
506 354 619 391 vobis
635 353 902 392 multitudine
917 354 1151 393 litterarum
1165 351 1377 396 molestior

165 427 312 461 essem,
329 415 382 453 ad
398 415 574 453 Lollium
588 419 818 467 perscripsi,
834 417 886 455 de
901 417 1128 456 rationibus
1142 421 1381 473 provinciae·

165 477 264 528 quid
277 477 425 516 vellem
439 478 541 524 fieri,
556 484 603 517 ut
615 481 649 517 is
664 492 734 517 vos
748 479 917 518 doceret
931 486 975 518 et
988 472 1376 526 commonefaceret.

164 539 205 578 Si
223 543 392 591 poteris,
410 541 532 579 velim
547 544 764 592 pristinam
781 548 898 581 tuam
916 555 1016 595 erga
1031 555 1099 581 me
1118 542 1375 588 voluntatem

163 616 393 642 conserves.

743 734 801 773 IV

370 848 417 876 M.
445 850 480 877 C.
507 850 540 876 S.
568 850 609 878 D.
637 851 675 882 Q.
703 851 884 877 METELm
911 852 1059 878 NEPOTI
1086 852 1166 881 COS.

668 952 776 975 A.u.c.
794 943 873 975 697.

119 1038 136 1073 1
217 1033 404 1073 Litterae
438 1034 582 1082 Quinti
610 1034 747 1074 fratris
774 1042 818 1075 et
842 1036 890 1076 T.
919 1035 1132 1088 Pomponi,
1157 1039 1378 1078 necessarii

164 1100 261 1143 mei,
276 1103 440 1135 tantum
458 1100 547 1148 spei
566 1098 782 1144 dederant,
799 1105 847 1138 ut
865 1102 908 1137 in
926 1105 970 1138 te
987 1113 1069 1138 non
1084 1103 1218 1140 minus
1235 1101 1374 1148 auxili,

165 1173 290 1211 quam
306 1162 349 1197 in
366 1165 440 1198 tuo
457 1159 615 1211 collega
631 1160 731 1198 mihi
748 1164 1020 1200 constitutum
1037 1161 1177 1202 fuerit.
1224 1163 1374 1216 Itaque

163 1222 324 1260 litteras
363 1222 416 1260 ad
453 1228 497 1261 te
535 1225 678 1261 statim
715 1226 820 1270 misi,
858 1237 933 1275 per
970 1238 1086 1276 quas,
1123 1231 1172 1265 ut
1208 1219 1375 1270 fortuna

162 1284 416 1336 postulabat,
438 1290 482 1323 et
502 1288 657 1336 gratias
679 1286 755 1324 tibi
778 1289 845 1338 egi
867 1292 912 1325 et
933 1287 985 1326 de
1006 1287 1164 1340 reliquo
1185 1294 1374 1340 tempore

164 1347 360 1385 auxilium
374 1350 490 1398 petii.
519 1347 670 1386 Postea
683 1348 782 1386 mihi
797 1363 879 1387 non
892 1355 980 1388 tam
994 1364 1179 1389 meorum
1192 1351 1373 1398 litterae,

164 1423 288 1461 quam
333 1423 542 1448 sermones
588 1424 743 1457 eorum,
789 1415 859 1463 qui
904 1412 981 1451 hac
1024 1416 1106 1452 iter
1149 1413 1372 1461 faciebant,

163 1475 345 1510 animum
373 1478 492 1510 tuum
519 1475 786 1512 immutatum
814 1474 1128 1525 significabant3
1171 1489 1278 1528 quae
1306 1489 1372 1516 res

114 1539 136 1572 2
162 1534 276 1580 fecit,
297 1540 344 1573 ut
364 1535 440 1573 tibi
459 1534 608 1573 litteris
628 1536 868 1587 obstrepere
887 1550 971 1575 non
989 1537 1199 1577 auderem.
1253 1538 1372 1578 Nunc

162 1596 262 1634 mihi
291 1596 469 1644 Quintus
497 1596 627 1635 frater
652 1611 768 1636 meus
796 1601 1054 1638 mitissimam
1080 1606 1196 1639 tuam
1222 1604 1371 1640 oratio-

163 1672 272 1705 nem,
309 1673 433 1710 quam
474 1661 517 1697 in
552 1666 700 1698 senatu
742 1659 968 1708 habuisses,
1002 1665 1252 1714 perscripsit,
1288 1677 1370 1716 qua

159 1722 366 1768 inductus,
385 1722 438 1760 ad
455 1727 499 1761 te
517 1723 695 1762 scribere
712 1737 803 1762 sum
821 1730 992 1763 conatus
1011 1731 1056 1764 et
1073 1726 1146 1764 abs
1164 1732 1223 1773 te,
1241 1739 1370 1778 quan-

209 1855 225 1871 ⁰
249 1850 300 1882 As
322 1850 359 1882 P.
381 1850 527 1883 Clodius
547 1861 631 1889 was,
651 1851 706 1884 his
726 1852 866 1885 mother
885 1851 1040 1886 Caecilia
1059 1853 1169 1897 being
1186 1855 1247 1888 the
1265 1856 1374 1889 sisinn

164 1893 204 1945 of
225 1893 378 1935 Nepos’s
395 1893 524 1933 father,
545 1893 590 1935 Q.
611 1893 786 1928 Caecilius
812 1895 979 1929 Metellus
1003 1897 1219 1937 Balearicus,
1241 1898 1368 1934 consul

164 1947 199 1970 m
209 1939 400 2018 '’lgAgtticus,
433 1979 587 2013 Cicero's
618 1984 773 2022 greatest
808 1980 925 2015 friend
960 1982 1033 2016 and
1070 1984 1372 2027 correspondent.⁸

163 2023 233 2056 For
244 2023 303 2057 the
315 2025 484 2057 situation
498 2034 538 2057 as
550 2023 696 2067 regards
711 2024 832 2068 Nepos
841 2035 900 2059 see
912 2025 1043 2060 Chron.
1056 2026 1158 2062 Sum.
1170 2029 1214 2062 57
1226 2038 1292 2062 mc.
1303 2033 1319 2070 5
1329 2028 1365 2073 3,

164 2075 242 2115 336
