1442 2392
138 833 178 866 17

710 154 913 194 CICERO

206 274 274 299 me
298 261 410 299 idem
435 260 689 311 cogitabant,
715 260 937 298 abiectiore
963 262 1099 299 animo
1122 273 1190 299 me
1214 258 1414 306 futurum,

207 346 300 370 cum
323 331 554 382 respublica
576 333 773 368 maiorem
798 333 925 368 etiam
947 330 1047 368 mihi
1071 333 1267 376 animum,
1290 341 1414 382 quam

208 415 404 453 umquam
427 401 675 447 habuissem,
695 401 829 448 daret,
852 414 958 452 quae
984 400 1247 447 declarasset,
1265 413 1310 439 se
1332 413 1414 451 non

206 476 388 525 potuisse
425 485 492 510 me
530 485 611 510 uno
648 474 724 510 civi
761 484 929 518 carere3
979 484 1156 523 cumque
1194 470 1414 510 Metellum

206 547 325 583 unius
348 544 502 582 tribuni
523 542 654 594 plebis
676 546 851 594 rogatio,
873 555 940 581 me
963 545 1152 581 universa
1171 542 1414 594 respublica,

207 615 311 653 duce
331 620 493 660 senatu,
519 616 745 652 eomitante
781 612 912 661 Italia,
938 613 1293 665 promulgantibus
1321 605 1415 653 octo

207 686 395 731 tribunis,
433 690 477 723 te
524 683 686 722 ferente
724 683 907 722 consule1
950 686 1124 723 comitiis
1161 686 1415 730 centuriatis,

206 758 362 795 cunctis
379 755 602 800 ordinibus,
619 754 849 792 hominibus
865 755 1212 800 incumbentibus,
1227 755 1415 793 omnibus

206 827 385 878 denique
405 829 487 864 suis
507 826 658 863 viribus
678 827 1001 876 reciperavisset.
1055 824 1202 877 Neque
1221 838 1318 864 vero
1337 836 1415 880 ego

205 897 306 936 mihi
319 902 466 948 postea
482 896 707 948 quidquam
722 898 936 946 assumpsi,
952 909 1088 947 neque
1101 895 1224 935 hodie
1240 909 1416 942 assumo,

207 968 319 1020 quod
368 980 620 1019 quemquam
668 966 1102 1005 malevolentissimum
1150 969 1239 1005 iure
1287 970 1417 1018 possit

207 1038 443 1083 offendere3
489 1043 654 1076 tantum
686 1036 834 1083 enitor,
865 1042 913 1075 ut
943 1049 1080 1088 neque
1111 1039 1250 1075 amieis
1280 1041 1415 1090 neque

208 1112 335 1147 etiam
380 1108 639 1146 alienioribus
683 1121 822 1159 opera,
866 1107 1046 1154 consilio,
1089 1107 1229 1146 labore
1271 1108 1416 1148 desim.

207 1179 286 1218 Hic
322 1192 441 1217 meae
480 1181 589 1216 vitae
627 1191 767 1216 cursus
805 1176 977 1216 offendit
1014 1191 1084 1217 eos
1120 1177 1310 1225 fortasse,
1345 1181 1415 1231 qui

207 1250 467 1301 splendorem
521 1254 564 1287 et
618 1252 798 1299 speciem
851 1248 970 1286 huius
1024 1251 1135 1287 vitae
1187 1252 1417 1297 intuentur,

207 1320 521 1359 sollicitudinem
565 1325 706 1357 autem
750 1325 794 1357 et
835 1319 1019 1357 laborem
1060 1322 1293 1370 perspicere
1334 1333 1417 1359 non

205 1396 392 1443 possunt.
446 1390 552 1428 Illud
574 1403 670 1428 vero
692 1403 774 1428 non
795 1390 966 1428 obscure
988 1396 1231 1441 queruntur,
1251 1393 1295 1429 in
1315 1394 1417 1431 meis

207 1463 438 1507 sen-tentiis,
461 1461 609 1512 quibus
632 1474 774 1498 ornem
797 1461 1031 1507 Caesarem,
1053 1463 1170 1512 quasi
1191 1461 1417 1501 desciscere

206 1545 274 1571 me
304 1546 329 1570 a
356 1534 529 1582 pristina
557 1545 693 1570 causa.
746 1531 837 1583 Ego
867 1537 1008 1570 autem
1037 1545 1131 1570 cum
1158 1531 1228 1570 illa
1255 1545 1417 1584 sequor,

207 1617 315 1655 quae
333 1602 456 1654 paulo
477 1608 574 1641 ante
593 1605 800 1653 proposui,
819 1607 910 1640 tum
930 1601 1006 1640 hoc
1025 1615 1107 1640 non
1125 1605 1168 1640 in
1185 1606 1418 1654 postremis,

207 1674 260 1712 de
284 1687 365 1725 quo
388 1686 605 1724 coeperam
629 1685 851 1724 exponere.
904 1673 998 1711 Non
1019 1672 1202 1711 offendes
1225 1674 1417 1713 eumdem

207 1745 408 1782 bonorum
447 1756 626 1789 sensum,
668 1743 861 1789 Lentule,
901 1756 1026 1795 quem
1064 1743 1293 1795 reliquisti:
1348 1747 1416 1798 qui

259 1830 272 1850 ²
323 1829 612 1872 romulgantibus
657 1829 838 1869 omnibus,
875 1829 1048 1864 referente
1093 1829 1239 1863 consule
1274 1830 1416 1870 Nohbez

211 1874 271 1906 but
292 1841 322 1906 P
332 1874 417 1906 have
438 1873 591 1915 adopted
613 1873 769 1906 Schiitz’s
791 1876 871 1906 octo
892 1873 1044 1906 tribunis
1057 1872 1124 1915 for
1144 1873 1324 1913 omnibus,
1344 1876 1418 1909 and

211 1917 422 1950 Lehmann's
432 1919 467 1950 te
476 1916 611 1950 ferente
618 1916 776 1956 consule,
785 1917 949 1958 omittiny
958 1917 1012 1949 the
1019 1927 1152 1950 comma
1159 1916 1254 1959 aster
1260 1917 1417 1953 consule.

212 2085 238 2127 6
459 2038 475 2056 ⁸
499 2035 545 2077 Q.
564 2034 725 2069 Calidius
741 2035 831 2078 (Pro
847 2035 1010 2075 Plancio,
1026 2037 1083 2070 28.
1100 2035 1172 2079 69).

240 2093 264 2128 8
