1442 2392
669 131 872 171 CICERO

163 234 279 278 simo,
304 239 425 284 grata
450 246 540 272 esse
566 234 835 274 vehementer
859 236 1037 288 gaudeo,
1061 237 1244 290 mihique
1269 241 1372 279 scito

162 290 204 326 in
234 288 321 328 dies
351 293 493 329 maiori
523 305 644 330 curae
676 305 765 331 esse
796 293 1044 344 dignitatem
1075 299 1218 341 tuan-13
1263 295 1371 347 quae

162 347 329 397 quidem
361 361 385 385 a
416 353 460 386 te
491 351 579 399 ipso
609 352 852 401 integritate
884 356 928 389 et
958 351 1179 390 clementia
1209 357 1282 397 tua
1313 355 1371 392 sic

161 401 410 451 amplificata
440 408 518 449 est,
549 409 597 441 ut
627 403 727 442 nihil
757 405 853 443 addi
882 419 1002 456 posse
1032 406 1234 446 videatur.
1287 406 1370 446 Sed

159 458 258 496 mihi
295 462 426 511 magis
462 463 676 512 magisque
713 462 898 513 quotidie
935 463 987 501 de
1023 463 1249 502 rationibus
1286 466 1369 503 tuis

159 518 359 567 cogitanti
389 516 527 567 placet
556 518 657 557 illud
686 532 825 557 meum
855 519 1080 566 consilium,
1112 521 1223 572 quod
1251 523 1368 561 initio

160 570 342 611 Aristoni
365 580 518 620 nostro,
541 581 589 614 ut
612 576 665 614 ad
687 590 754 615 me
777 579 905 623 venit,
927 578 1089 616 ostendi
1108 591 1118 623 ;
1155 591 1301 630 graves
1324 585 1368 618 te

159 637 444 681 suscepturum
487 635 733 679 inimicitias,
776 636 809 672 si
852 634 1090 674 adulescens
1132 642 1281 687 potens
1324 630 1369 693 ei}

159 687 304 725 nobilis
328 701 352 724 a
374 694 417 726 te
440 692 664 740 ignominia
686 690 856 729 affectus
879 697 990 731 esset
1008 705 1017 731 :
1055 697 1100 730 et
1121 691 1258 731 hercle
1280 695 1368 732 sine

159 743 283 782 dubio
307 747 385 782 erit
406 748 629 797 ignominia
647 759 657 792 ;
693 747 821 786 habes
844 751 953 786 enim
975 751 1183 788 neminem
1205 748 1368 789 honoris

158 801 289 851 gradu
318 806 584 853 superiorem.
638 804 713 842 Ille
743 811 898 852 autem,
928 811 976 844 ut
1004 809 1195 844 omittam
1225 806 1368 846 nobili-

158 864 306 906 tatem,
344 859 420 898 hoc
456 863 544 912 ipso
581 864 707 900 vincit
744 865 848 901 viros
886 866 1061 914 optimos
1099 862 1367 916 hominesque

157 917 524 964 innocentissimos,
547 917 707 970 legatos
732 925 839 967 tuos,
865 920 975 971 quod
1001 925 1045 959 et
1069 926 1264 972 quaestor
1289 926 1370 969 est,

159 978 223 1023 et,
245 980 440 1025 quaestor
482 981 591 1014 tuus.
645 976 804 1015 Nocere
847 977 923 1015 tibi
965 980 1117 1016 iratum
1159 980 1367 1017 neminem

156 1042 276 1080 posse
295 1034 496 1082 perspicio
514 1046 524 1078 3
558 1032 633 1071 sed
651 1039 794 1071 tamen
813 1039 898 1072 tres
917 1033 1080 1080 fratres,
1099 1048 1259 1074 summo
1277 1034 1367 1074 loco

156 1092 289 1133 natos,
304 1095 530 1140 promptos,
546 1103 628 1128 non
642 1091 874 1137 indisertos,
889 1097 933 1130 te
949 1091 1042 1130 nolo
1058 1091 1211 1130 habere
1225 1093 1366 1138 iratos,

156 1147 243 1182 iure
260 1149 504 1196 praesertim
523 1160 532 1192 3
565 1161 666 1198 quos
685 1149 803 1187 video
821 1148 1014 1199 deinceps
1032 1150 1217 1188 tribunos
1234 1149 1365 1200 plebis

156 1215 231 1252 per
271 1206 493 1242 triennium
535 1204 637 1243 fore.
689 1205 893 1257 Tempora
933 1212 1075 1245 autem
1116 1206 1364 1258 reipublicae

157 1259 292 1310 qualia
320 1261 460 1300 futura
487 1265 583 1308 sint,
611 1266 701 1314 quis
729 1264 838 1301 scit?
894 1263 999 1302 Mihi
1027 1264 1195 1315 quidem
1222 1265 1365 1303 turbu-

157 1316 270 1355 lenta
299 1319 490 1358 videntur
518 1319 619 1358 fore.
673 1319 755 1358 Cur
783 1333 862 1372 ego
890 1326 934 1359 te
964 1320 1086 1359 velim
1113 1321 1294 1359 incidere
1321 1323 1364 1359 in

156 1380 332 1413 terrores
356 1377 607 1423 tribunicios,
630 1380 873 1428 praesertim
896 1392 989 1416 cum
1013 1381 1100 1417 sine
1123 1381 1364 1430 cuiusquam

156 1432 473 1482 reprehensione
501 1437 743 1485 quaestoriis
770 1434 918 1486 legatis
946 1440 1208 1486 quaestorem
1234 1437 1363 1486 possis

156 1489 396 1528 anteferre?
451 1490 532 1538 Qui
560 1494 592 1529 si
621 1492 791 1544 dignum
818 1505 862 1530 se
890 1493 1110 1531 maioribus
1137 1495 1219 1530 suis
1246 1505 1364 1543 prae-

155 1546 293 1585 buerit
320 1547 384 1599 (ut
410 1562 529 1599 spero
558 1554 601 1586 et
629 1549 758 1599 opto),
786 1554 859 1587 tua
885 1549 973 1588 laus
1001 1563 1053 1587 ex
1081 1549 1218 1601 aliqua
1243 1554 1363 1600 parte

154 1602 293 1643 fuerit.
364 1604 432 1643 Sin
466 1606 565 1657 quid
601 1606 832 1651 offenderit,
863 1607 938 1644 sibi
969 1612 1120 1652 totum,
1150 1606 1251 1644 nihil
1286 1606 1362 1645 tibi

154 1660 385 1700 offenderit.
439 1662 556 1710 Quae
583 1663 682 1701 mihi
710 1664 934 1702 veniebant
959 1666 1001 1701 in
1028 1669 1227 1709 mentem,
1255 1675 1362 1715 quae

202 1829 217 1844 ⁰
241 1823 354 1857 Gaius
372 1825 562 1863 Antonius,
579 1825 724 1858 brother
739 1825 779 1858 of
795 1825 941 1859 Marcus
957 1825 1018 1859 the
1033 1826 1206 1861 triumvir.
1219 1825 1361 1859 tribune

156 1867 192 1899 in
211 1869 255 1900 49
275 1877 339 1900 mc.
359 1867 431 1900 and
450 1869 492 1900 of
506 1867 651 1906 Lucius,
669 1867 811 1902 tribune
830 1870 865 1901 in
884 1871 940 1902 44.
991 1868 1024 1902 It
1041 1868 1126 1902 dooe
1145 1872 1208 1902 not
1225 1879 1361 1912 appear

154 1911 232 1943 that
244 1910 356 1944 Gaius
369 1911 514 1945 himself
526 1923 598 1944 was
610 1923 691 1945 ever
703 1912 854 1946 tribune.
895 1912 1007 1946 Gaius
1018 1924 1090 1946 was
1103 1923 1183 1946 now
1194 1916 1361 1955 quaestor

154 1955 191 1987 in
210 1955 309 1994 Asia,
328 1954 400 1988 and
425 1954 548 1989 Cicero
571 1966 676 1998 urges
699 1956 873 1989 Thermus
897 1959 935 1990 to
958 1956 1056 1990 leave
1076 1956 1151 1990 him
1167 1958 1205 1990 in
1228 1957 1360 2000 charge

153 1999 195 2031 of
207 1998 266 2031 the
283 2001 459 2040 province.

203 2041 216 2062 ὓ
239 2042 315 2075 The
331 2043 429 2076 three
447 2043 594 2077 Antonii
611 2042 815 2077 mentioned
833 2045 869 2076 in
886 2047 968 2077 note
985 2056 1018 2078 a.

157 2099 231 2132 158
