<?xml version="1.0" encoding="UTF-8"?>
<!DOCTYPE html PUBLIC "-//W3C//DTD XHTML 1.0 Transitional//EN"
    "http://www.w3.org/TR/xhtml1/DTD/xhtml1-transitional.dtd">
<html xmlns="http://www.w3.org/1999/xhtml" xml:lang="en" lang="en">
 <head>
  <title>
</title>
<meta http-equiv="Content-Type" content="text/html;charset=utf-8" />
  <meta name='ocr-system' content='tesseract 3.04.00' />
  <meta name='ocr-capabilities' content='ocr_page ocr_carea ocr_par ocr_line ocrx_word'/>
</head>
<body>
  <div class='ocr_page' id='page_1' title='image "./letterstohisfrie01ciceuoft_0376.png"; bbox 0 0 1442 2392; ppageno 0'>
   <div class='ocr_carea' id='block_1_1' title="bbox 655 106 858 147">
    <p class='ocr_par' dir='ltr' id='par_1_1' title="bbox 655 106 858 147">
     <span class='ocr_line' id='line_1_1' title="bbox 655 106 858 147; baseline 0.005 -1"><span class='ocrx_word' id='word_1_1' title='bbox 655 106 858 147; x_wconf 89' lang='lat' dir='ltr'>CICERO</span> 
     </span>
    </p>
   </div>
   <div class='ocr_carea' id='block_1_2' title="bbox 151 207 1359 638">
    <p class='ocr_par' dir='ltr' id='par_1_2' title="bbox 151 207 1359 638">
     <span class='ocr_line' id='line_1_2' title="bbox 153 207 1358 262; baseline 0.006 -16"><span class='ocrx_word' id='word_1_2' title='bbox 153 210 269 254; x_wconf 87' lang='lat' dir='ltr'><strong>tiam,</strong></span> <span class='ocrx_word' id='word_1_3' title='bbox 294 222 376 247; x_wconf 92' lang='lat' dir='ltr'><strong>non</strong></span> <span class='ocrx_word' id='word_1_4' title='bbox 407 207 679 257; x_wconf 87' lang='lat' dir='ltr'><strong>committam,</strong></span> <span class='ocrx_word' id='word_1_5' title='bbox 703 217 751 249; x_wconf 90' lang='lat' dir='ltr'><strong>ut</strong></span> <span class='ocrx_word' id='word_1_6' title='bbox 783 212 860 250; x_wconf 92' lang='lat' dir='ltr'><strong>tibi</strong></span> <span class='ocrx_word' id='word_1_7' title='bbox 891 214 968 262; x_wconf 89' lang='lat' dir='ltr'><strong>ipsi</strong></span> <span class='ocrx_word' id='word_1_8' title='bbox 996 214 1174 252; x_wconf 84' lang='lat' dir='ltr'><strong>insanire</strong></span> <span class='ocrx_word' id='word_1_9' title='bbox 1204 213 1358 254; x_wconf 74' lang='lat' dir='ltr'><strong>videat.</strong></span> 
     </span>
     <span class='ocr_line' id='line_1_3' title="bbox 153 262 1358 319; baseline 0.006 -19"><span class='ocrx_word' id='word_1_10' title='bbox 153 262 215 300; x_wconf 89' lang='lat' dir='ltr'><strong>Ea</strong></span> <span class='ocrx_word' id='word_1_11' title='bbox 249 276 356 313; x_wconf 90' lang='lat' dir='ltr'><strong>quae</strong></span> <span class='ocrx_word' id='word_1_12' title='bbox 389 266 473 302; x_wconf 88' lang='lat' dir='ltr'><strong>sint</strong></span> <span class='ocrx_word' id='word_1_13' title='bbox 507 270 551 303; x_wconf 91' lang='lat' dir='ltr'><strong>et</strong></span> <span class='ocrx_word' id='word_1_14' title='bbox 585 266 825 311; x_wconf 84' lang='lat' dir='ltr'><strong>cuiusmodi,</strong></span> <span class='ocrx_word' id='word_1_15' title='bbox 858 269 1012 316; x_wconf 88' lang='lat' dir='ltr'><strong>poteris</strong></span> <span class='ocrx_word' id='word_1_16' title='bbox 1032 280 1099 305; x_wconf 88' lang='lat' dir='ltr'><strong>·ex</strong></span> <span class='ocrx_word' id='word_1_17' title='bbox 1134 266 1358 319; x_wconf 81' lang='lat' dir='ltr'><strong>Pomponio</strong></span> 
     </span>
     <span class='ocr_line' id='line_1_4' title="bbox 152 319 1359 372; baseline 0.007 -18"><span class='ocrx_word' id='word_1_18' title='bbox 152 330 411 367; x_wconf 88' lang='lat' dir='ltr'><strong>cognoscere.</strong></span> <span class='ocrx_word' id='word_1_19' title='bbox 464 319 606 369; x_wconf 86' lang='lat' dir='ltr'><strong>Atque</strong></span> <span class='ocrx_word' id='word_1_20' title='bbox 626 321 761 370; x_wconf 89' lang='lat' dir='ltr'><strong>ipsum</strong></span> <span class='ocrx_word' id='word_1_21' title='bbox 782 320 858 358; x_wconf 86' lang='lat' dir='ltr'><strong>tibi</strong></span> <span class='ocrx_word' id='word_1_22' title='bbox 880 320 1149 372; x_wconf 90' lang='lat' dir='ltr'><strong>Pomponium</strong></span> <span class='ocrx_word' id='word_1_23' title='bbox 1169 324 1231 360; x_wconf 87' lang='lat' dir='ltr'><strong>ita</strong></span> <span class='ocrx_word' id='word_1_24' title='bbox 1250 335 1359 362; x_wconf 89' lang='lat' dir='ltr'><strong>com-</strong></span> 
     </span>
     <span class='ocr_line' id='line_1_5' title="bbox 152 372 1359 424; baseline 0.006 -16"><span class='ocrx_word' id='word_1_25' title='bbox 152 372 316 418; x_wconf 87' lang='lat' dir='ltr'><strong>mendo,</strong></span> <span class='ocrx_word' id='word_1_26' title='bbox 339 378 400 418; x_wconf 90' lang='lat' dir='ltr'><strong>ut,</strong></span> <span class='ocrx_word' id='word_1_27' title='bbox 421 386 672 424; x_wconf 86' lang='lat' dir='ltr'><strong>quamquam</strong></span> <span class='ocrx_word' id='word_1_28' title='bbox 691 377 818 424; x_wconf 91' lang='lat' dir='ltr'><strong>ipsius</strong></span> <span class='ocrx_word' id='word_1_29' title='bbox 838 388 961 413; x_wconf 84' lang='lat' dir='ltr'><strong>causa</strong></span> <span class='ocrx_word' id='word_1_30' title='bbox 981 375 1141 414; x_wconf 87' lang='lat' dir='ltr'><strong>confido</strong></span> <span class='ocrx_word' id='word_1_31' title='bbox 1162 382 1206 415; x_wconf 90' lang='lat' dir='ltr'><strong>te</strong></span> <span class='ocrx_word' id='word_1_32' title='bbox 1226 375 1359 416; x_wconf 81' lang='lat' dir='ltr'><strong>factu.-</strong></span> 
     </span>
     <span class='ocr_line' id='line_1_6' title="bbox 151 428 1358 482; baseline 0.006 -19"><span class='ocrx_word' id='word_1_33' title='bbox 151 439 242 463; x_wconf 89' lang='lat' dir='ltr'><strong>rum</strong></span> <span class='ocrx_word' id='word_1_34' title='bbox 263 439 351 464; x_wconf 91' lang='lat' dir='ltr'><strong>esse</strong></span> <span class='ocrx_word' id='word_1_35' title='bbox 370 429 521 473; x_wconf 91' lang='lat' dir='ltr'><strong>omnia,</strong></span> <span class='ocrx_word' id='word_1_36' title='bbox 540 433 683 466; x_wconf 88' lang='lat' dir='ltr'><strong>tamen</strong></span> <span class='ocrx_word' id='word_1_37' title='bbox 702 429 774 467; x_wconf 87' lang='lat' dir='ltr'><strong>abs</strong></span> <span class='ocrx_word' id='word_1_38' title='bbox 793 434 837 467; x_wconf 88' lang='lat' dir='ltr'><strong>te</strong></span> <span class='ocrx_word' id='word_1_39' title='bbox 857 428 934 468; x_wconf 92' lang='lat' dir='ltr'><strong>hoc</strong></span> <span class='ocrx_word' id='word_1_40' title='bbox 950 435 1108 480; x_wconf 83' lang='lat' dir='ltr'><strong>petam,</strong></span> <span class='ocrx_word' id='word_1_41' title='bbox 1127 436 1188 476; x_wconf 90' lang='lat' dir='ltr'><strong>ut,</strong></span> <span class='ocrx_word' id='word_1_42' title='bbox 1206 433 1240 470; x_wconf 89' lang='lat' dir='ltr'><strong>si</strong></span> <span class='ocrx_word' id='word_1_43' title='bbox 1259 430 1358 482; x_wconf 84' lang='lat' dir='ltr'><strong>quid</strong></span> 
     </span>
     <span class='ocr_line' id='line_1_7' title="bbox 151 481 1358 536; baseline 0.006 -19"><span class='ocrx_word' id='word_1_44' title='bbox 151 481 194 517; x_wconf 89' lang='lat' dir='ltr'><strong>in</strong></span> <span class='ocrx_word' id='word_1_45' title='bbox 219 486 263 518; x_wconf 88' lang='lat' dir='ltr'><strong>te</strong></span> <span class='ocrx_word' id='word_1_46' title='bbox 289 481 444 519; x_wconf 83' lang='lat' dir='ltr'><strong>residet</strong></span> <span class='ocrx_word' id='word_1_47' title='bbox 470 485 617 520; x_wconf 88' lang='lat' dir='ltr'><strong>amoris</strong></span> <span class='ocrx_word' id='word_1_48' title='bbox 645 496 744 534; x_wconf 85' lang='lat' dir='ltr'><strong>erga</strong></span> <span class='ocrx_word' id='word_1_49' title='bbox 768 497 850 529; x_wconf 90' lang='lat' dir='ltr'><strong>me,</strong></span> <span class='ocrx_word' id='word_1_50' title='bbox 875 484 919 522; x_wconf 93' lang='lat' dir='ltr'><strong>id</strong></span> <span class='ocrx_word' id='word_1_51' title='bbox 944 497 1066 523; x_wconf 92' lang='lat' dir='ltr'><strong>omne</strong></span> <span class='ocrx_word' id='word_1_52' title='bbox 1090 487 1134 523; x_wconf 89' lang='lat' dir='ltr'><strong>in</strong></span> <span class='ocrx_word' id='word_1_53' title='bbox 1160 483 1358 536; x_wconf 84' lang='lat' dir='ltr'><strong>Pomponi</strong></span> 
     </span>
     <span class='ocr_line' id='line_1_8' title="bbox 151 536 1359 591; baseline 0.007 -20"><span class='ocrx_word' id='word_1_54' title='bbox 151 537 320 584; x_wconf 88' lang='lat' dir='ltr'><strong>negotio</strong></span> <span class='ocrx_word' id='word_1_55' title='bbox 358 536 567 575; x_wconf 88' lang='lat' dir='ltr'><strong>ostendas.</strong></span> <span class='ocrx_word' id='word_1_56' title='bbox 621 536 710 575; x_wconf 92' lang='lat' dir='ltr'><strong>Hoc</strong></span> <span class='ocrx_word' id='word_1_57' title='bbox 749 537 848 576; x_wconf 88' lang='lat' dir='ltr'><strong>mihi</strong></span> <span class='ocrx_word' id='word_1_58' title='bbox 887 537 988 576; x_wconf 86' lang='lat' dir='ltr'>nihil</span> <span class='ocrx_word' id='word_1_59' title='bbox 1025 541 1182 591; x_wconf 82' lang='lat' dir='ltr'><strong>gratius</strong></span> <span class='ocrx_word' id='word_1_60' title='bbox 1220 538 1359 579; x_wconf 84' lang='lat' dir='ltr'><strong>faeere</strong></span> 
     </span>
     <span class='ocr_line' id='line_1_9' title="bbox 151 594 1347 638; baseline 0.006 -12"><span class='ocrx_word' id='word_1_61' title='bbox 151 594 285 638; x_wconf 86' lang='lat' dir='ltr'><strong>potes.</strong></span> <span class='ocrx_word' id='word_1_62' title='bbox 1247 600 1250 604; x_wconf 76' lang='grc'><em>’</em></span> <span class='ocrx_word' id='word_1_63' title='bbox 1344 612 1347 618; x_wconf 55' lang='grc'><strong>&lt;</strong></span> 
     </span>
    </p>
   </div>
   <div class='ocr_carea' id='block_1_3' title="bbox 726 696 785 736">
    <p class='ocr_par' dir='ltr' id='par_1_3' title="bbox 726 696 785 736">
     <span class='ocr_line' id='line_1_10' title="bbox 726 696 785 736; baseline 0 0"><span class='ocrx_word' id='word_1_64' title='bbox 726 696 785 736; x_wconf 97' lang='lat' dir='ltr'><strong>VI</strong></span> 
     </span>
    </p>
   </div>
   <div class='ocr_carea' id='block_1_4' title="bbox 325 813 1189 846">
    <p class='ocr_par' dir='ltr' id='par_1_4' title="bbox 325 813 1189 846">
     <span class='ocr_line' id='line_1_11' title="bbox 325 813 1189 846; baseline 0.005 -7"><span class='ocrx_word' id='word_1_65' title='bbox 325 813 372 840; x_wconf 75' lang='lat' dir='ltr'><strong>M.</strong></span> <span class='ocrx_word' id='word_1_66' title='bbox 399 814 434 839; x_wconf 90' lang='lat' dir='ltr'><strong>C.</strong></span> <span class='ocrx_word' id='word_1_67' title='bbox 461 813 495 839; x_wconf 85' lang='lat' dir='ltr'><strong>S.</strong></span> <span class='ocrx_word' id='word_1_68' title='bbox 522 814 563 840; x_wconf 91' lang='lat' dir='ltr'><strong>D.</strong></span> <span class='ocrx_word' id='word_1_69' title='bbox 590 814 629 840; x_wconf 87' lang='grc' dir='ltr'><strong>Ρ.</strong></span> <span class='ocrx_word' id='word_1_70' title='bbox 655 814 789 840; x_wconf 82' lang='lat' dir='ltr'>SESTIO</span> <span class='ocrx_word' id='word_1_71' title='bbox 815 814 851 841; x_wconf 71' lang='lat'><strong>1..</strong></span> <span class='ocrx_word' id='word_1_72' title='bbox 879 815 917 842; x_wconf 76' lang='lat'><strong>1³⁵.</strong></span> <span class='ocrx_word' id='word_1_73' title='bbox 945 815 1189 846; x_wconf 73' lang='lat' dir='ltr'><strong>PROQUAEST.</strong></span> 
     </span>
    </p>
   </div>
   <div class='ocr_carea' id='block_1_5' title="bbox 570 905 943 946">
    <p class='ocr_par' dir='ltr' id='par_1_5' title="bbox 570 905 943 946">
     <span class='ocr_line' id='line_1_12' title="bbox 570 905 943 946; baseline 0.003 -7"><span class='ocrx_word' id='word_1_74' title='bbox 570 905 721 946; x_wconf 87' lang='lat' dir='ltr'><strong>Romae,</strong></span> <span class='ocrx_word' id='word_1_75' title='bbox 738 917 845 939; x_wconf 73' lang='lat' dir='ltr'><strong>A.u.c.</strong></span> <span class='ocrx_word' id='word_1_76' title='bbox 864 908 943 940; x_wconf 73' lang='lat'><strong>692.</strong></span> 
     </span>
    </p>
   </div>
   <div class='ocr_carea' id='block_1_6' title="bbox 147 990 1358 1534">
    <p class='ocr_par' dir='ltr' id='par_1_6' title="bbox 147 990 1358 1534">
     <span class='ocr_line' id='line_1_13' title="bbox 200 990 1357 1046; baseline 0.004 -18"><span class='ocrx_word' id='word_1_77' title='bbox 200 990 303 1029; x_wconf 94' lang='lat' dir='ltr'><strong>Cum</strong></span> <span class='ocrx_word' id='word_1_78' title='bbox 326 991 379 1029; x_wconf 88' lang='lat' dir='ltr'><strong>ad</strong></span> <span class='ocrx_word' id='word_1_79' title='bbox 406 1004 473 1030; x_wconf 90' lang='lat' dir='ltr'><strong>me</strong></span> <span class='ocrx_word' id='word_1_80' title='bbox 501 991 653 1030; x_wconf 88' lang='lat' dir='ltr'><strong>Decius</strong></span> <span class='ocrx_word' id='word_1_81' title='bbox 677 991 882 1031; x_wconf 81' lang='lat' dir='ltr'><strong>librariusl</strong></span> <span class='ocrx_word' id='word_1_82' title='bbox 911 995 1091 1032; x_wconf 85' lang='lat' dir='ltr'><strong>venisset</strong></span> <span class='ocrx_word' id='word_1_83' title='bbox 1121 995 1357 1046; x_wconf 72' lang='lat' dir='ltr'><strong>egissetque</strong></span> 
     </span>
     <span class='ocr_line' id='line_1_14' title="bbox 149 1046 1358 1099; baseline 0.004 -16"><span class='ocrx_word' id='word_1_84' title='bbox 149 1058 326 1091; x_wconf 88' lang='lat' dir='ltr'><strong>meeum,</strong></span> <span class='ocrx_word' id='word_1_85' title='bbox 349 1052 396 1084; x_wconf 79' lang='lat' dir='ltr'><strong>ut</strong></span> <span class='ocrx_word' id='word_1_86' title='bbox 418 1059 586 1096; x_wconf 86' lang='lat' dir='ltr'><strong>operam</strong></span> <span class='ocrx_word' id='word_1_87' title='bbox 609 1046 764 1092; x_wconf 89' lang='lat' dir='ltr'><strong>darem,</strong></span> <span class='ocrx_word' id='word_1_88' title='bbox 788 1060 840 1085; x_wconf 89' lang='lat' dir='ltr'><strong>ne</strong></span> <span class='ocrx_word' id='word_1_89' title='bbox 863 1047 939 1086; x_wconf 84' lang='lat' dir='ltr'><strong>tibi</strong></span> <span class='ocrx_word' id='word_1_90' title='bbox 961 1046 1038 1086; x_wconf 91' lang='lat' dir='ltr'><strong>hoc</strong></span> <span class='ocrx_word' id='word_1_91' title='bbox 1060 1053 1247 1099; x_wconf 91' lang='lat' dir='ltr'><strong>tempore</strong></span> <span class='ocrx_word' id='word_1_92' title='bbox 1269 1062 1358 1088; x_wconf 91' lang='lat' dir='ltr'><strong>suc-</strong></span> 
     </span>
     <span class='ocr_line' id='line_1_15' title="bbox 149 1100 1356 1154; baseline 0.004 -17"><span class='ocrx_word' id='word_1_93' title='bbox 149 1100 381 1146; x_wconf 81' lang='lat' dir='ltr'><strong>cederetur,</strong></span> <span class='ocrx_word' id='word_1_94' title='bbox 405 1113 655 1151; x_wconf 92' lang='lat' dir='ltr'><strong>quamquam</strong></span> <span class='ocrx_word' id='word_1_95' title='bbox 683 1101 797 1139; x_wconf 92' lang='lat' dir='ltr'><strong>illum</strong></span> <span class='ocrx_word' id='word_1_96' title='bbox 822 1101 1030 1140; x_wconf 89' lang='lat' dir='ltr'><strong>hominem</strong></span> <span class='ocrx_word' id='word_1_97' title='bbox 1062 1101 1171 1154; x_wconf 69' lang='lat' dir='ltr'><strong>frqgi</strong></span> <span class='ocrx_word' id='word_1_98' title='bbox 1204 1109 1248 1142; x_wconf 89' lang='lat' dir='ltr'><strong>et</strong></span> <span class='ocrx_word' id='word_1_99' title='bbox 1280 1103 1356 1142; x_wconf 77' lang='lat' dir='ltr'><strong>tibi</strong></span> 
     </span>
     <span class='ocr_line' id='line_1_16' title="bbox 149 1154 1357 1207; baseline 0.003 -15"><span class='ocrx_word' id='word_1_100' title='bbox 149 1157 325 1192; x_wconf 86' lang='lat' dir='ltr'><strong>amicum</strong></span> <span class='ocrx_word' id='word_1_101' title='bbox 355 1155 657 1201; x_wconf 80' lang='lat' dir='ltr'><strong>existimabam,</strong></span> <span class='ocrx_word' id='word_1_102' title='bbox 687 1161 843 1201; x_wconf 87' lang='lat' dir='ltr'><strong>tamen,</strong></span> <span class='ocrx_word' id='word_1_103' title='bbox 874 1156 985 1207; x_wconf 92' lang='lat' dir='ltr'><strong>quod</strong></span> <span class='ocrx_word' id='word_1_104' title='bbox 1013 1159 1211 1195; x_wconf 87' lang='lat' dir='ltr'><strong>memoria</strong></span> <span class='ocrx_word' id='word_1_105' title='bbox 1239 1154 1357 1196; x_wconf 54' lang='lat' dir='ltr'><strong>teness</strong></span> 
     </span>
     <span class='ocr_line' id='line_1_17' title="bbox 149 1209 1356 1257; baseline 0.004 -11"><span class='ocrx_word' id='word_1_106' title='bbox 149 1209 491 1254; x_wconf 90' lang='lat' dir='ltr'><strong>bam,cuiusm0di</strong></span> <span class='ocrx_word' id='word_1_107' title='bbox 505 1209 558 1247; x_wconf 89' lang='lat' dir='ltr'><strong>ad</strong></span> <span class='ocrx_word' id='word_1_108' title='bbox 570 1222 636 1247; x_wconf 90' lang='lat' dir='ltr'><strong>me</strong></span> <span class='ocrx_word' id='word_1_109' title='bbox 649 1209 807 1248; x_wconf 77' lang='lat' dir='ltr'><strong>litteras</strong></span> <span class='ocrx_word' id='word_1_110' title='bbox 821 1216 945 1248; x_wconf 86' lang='lat' dir='ltr'><strong>antea</strong></span> <span class='ocrx_word' id='word_1_111' title='bbox 957 1213 1148 1257; x_wconf 88' lang='lat' dir='ltr'><strong>misisses,</strong></span> <span class='ocrx_word' id='word_1_112' title='bbox 1160 1225 1242 1250; x_wconf 91' lang='lat' dir='ltr'><strong>non</strong></span> <span class='ocrx_word' id='word_1_113' title='bbox 1257 1213 1356 1253; x_wconf 70' lang='lat' dir='ltr'><strong>satis</strong></span> 
     </span>
     <span class='ocr_line' id='line_1_18' title="bbox 149 1263 1356 1314; baseline 0.004 -14"><span class='ocrx_word' id='word_1_114' title='bbox 149 1263 317 1309; x_wconf 89' lang='lat' dir='ltr'><strong>credidi,</strong></span> <span class='ocrx_word' id='word_1_115' title='bbox 336 1268 466 1309; x_wconf 89' lang='lat' dir='ltr'><strong>tuam,</strong></span> <span class='ocrx_word' id='word_1_116' title='bbox 481 1263 654 1301; x_wconf 91' lang='lat' dir='ltr'><strong>hominis</strong></span> <span class='ocrx_word' id='word_1_117' title='bbox 669 1264 898 1314; x_wconf 83' lang='lat' dir='ltr'><strong>prudentis,</strong></span> <span class='ocrx_word' id='word_1_118' title='bbox 913 1270 1000 1302; x_wconf 89' lang='lat' dir='ltr'><strong>tam</strong></span> <span class='ocrx_word' id='word_1_119' title='bbox 1021 1265 1139 1303; x_wconf 89' lang='lat' dir='ltr'><strong>valde</strong></span> <span class='ocrx_word' id='word_1_120' title='bbox 1159 1278 1249 1304; x_wconf 91' lang='lat' dir='ltr'><strong>esse</strong></span> <span class='ocrx_word' id='word_1_121' title='bbox 1267 1264 1356 1305; x_wconf 79' lang='lat' dir='ltr'><strong>mu·-</strong></span> 
     </span>
     <span class='ocr_line' id='line_1_19' title="bbox 148 1317 1356 1370; baseline 0.004 -16"><span class='ocrx_word' id='word_1_122' title='bbox 148 1323 282 1355; x_wconf 85' lang='lat' dir='ltr'><strong>tatam</strong></span> <span class='ocrx_word' id='word_1_123' title='bbox 302 1317 591 1356; x_wconf 83' lang='lat' dir='ltr'><strong>voluntatem.2</strong></span> <span class='ocrx_word' id='word_1_124' title='bbox 636 1317 718 1356; x_wconf 87' lang='lat' dir='ltr'><strong>Sed</strong></span> <span class='ocrx_word' id='word_1_125' title='bbox 733 1324 1003 1370; x_wconf 82' lang='lat' dir='ltr'><strong>posteaquam</strong></span> <span class='ocrx_word' id='word_1_126' title='bbox 1020 1324 1065 1358; x_wconf 90' lang='lat' dir='ltr'><strong>et</strong></span> <span class='ocrx_word' id='word_1_127' title='bbox 1080 1319 1268 1358; x_wconf 87' lang='lat' dir='ltr'><strong>Cornelia</strong></span> <span class='ocrx_word' id='word_1_128' title='bbox 1282 1325 1356 1367; x_wconf 75' lang='lat' dir='ltr'><strong>tua</strong></span> 
     </span>
     <span class='ocr_line' id='line_1_20' title="bbox 147 1370 1356 1424; baseline 0.004 -16"><span class='ocrx_word' id='word_1_129' title='bbox 147 1371 385 1409; x_wconf 86' lang='lat' dir='ltr'><strong>Terentiam</strong></span> <span class='ocrx_word' id='word_1_130' title='bbox 408 1375 600 1410; x_wconf 89' lang='lat' dir='ltr'><strong>convenit</strong></span> <span class='ocrx_word' id='word_1_131' title='bbox 625 1378 669 1410; x_wconf 89' lang='lat' dir='ltr'><strong>et</strong></span> <span class='ocrx_word' id='word_1_132' title='bbox 693 1385 771 1424; x_wconf 86' lang='lat' dir='ltr'><strong>ego</strong></span> <span class='ocrx_word' id='word_1_133' title='bbox 795 1386 888 1411; x_wconf 89' lang='lat' dir='ltr'><strong>cum</strong></span> <span class='ocrx_word' id='word_1_134' title='bbox 914 1372 965 1421; x_wconf 80' lang='lat' dir='ltr'><strong>Q.</strong></span> <span class='ocrx_word' id='word_1_135' title='bbox 985 1373 1173 1412; x_wconf 90' lang='lat' dir='ltr'><strong>Cornelio</strong></span> <span class='ocrx_word' id='word_1_136' title='bbox 1195 1370 1356 1414; x_wconf 61' lang='lat' dir='ltr'><strong>locutus</strong></span> 
     </span>
     <span class='ocr_line' id='line_1_21' title="bbox 148 1425 1355 1479; baseline 0.004 -16"><span class='ocrx_word' id='word_1_137' title='bbox 148 1439 252 1472; x_wconf 90' lang='lat' dir='ltr'><strong>sum,</strong></span> <span class='ocrx_word' id='word_1_138' title='bbox 265 1425 432 1464; x_wconf 87' lang='lat' dir='ltr'><strong>adhibui</strong></span> <span class='ocrx_word' id='word_1_139' title='bbox 444 1426 716 1478; x_wconf 85' lang='lat' dir='ltr'><strong>diligentiam,</strong></span> <span class='ocrx_word' id='word_1_140' title='bbox 728 1430 1067 1479; x_wconf 86' lang='lat' dir='ltr'><strong>quotiescumque</strong></span> <span class='ocrx_word' id='word_1_141' title='bbox 1079 1433 1247 1467; x_wconf 87' lang='lat' dir='ltr'><strong>senatus</strong></span> <span class='ocrx_word' id='word_1_142' title='bbox 1260 1427 1355 1476; x_wconf 77' lang='lat' dir='ltr'><strong>fuit,</strong></span> 
     </span>
     <span class='ocr_line' id='line_1_22' title="bbox 148 1480 1355 1534; baseline 0.005 -17"><span class='ocrx_word' id='word_1_143' title='bbox 148 1486 196 1518; x_wconf 91' lang='lat' dir='ltr'><strong>ut</strong></span> <span class='ocrx_word' id='word_1_144' title='bbox 228 1480 431 1526; x_wconf 82' lang='lat' dir='ltr'><strong>adessem,</strong></span> <span class='ocrx_word' id='word_1_145' title='bbox 462 1480 765 1532; x_wconf 91' lang='lat' dir='ltr'><strong>plurimumque</strong></span> <span class='ocrx_word' id='word_1_146' title='bbox 798 1484 840 1519; x_wconf 89' lang='lat' dir='ltr'><strong>in</strong></span> <span class='ocrx_word' id='word_1_147' title='bbox 874 1494 924 1520; x_wconf 93' lang='lat' dir='ltr'><strong>eo</strong></span> <span class='ocrx_word' id='word_1_148' title='bbox 957 1485 1099 1534; x_wconf 86' lang='lat' dir='ltr'><strong>negoti</strong></span> <span class='ocrx_word' id='word_1_149' title='bbox 1135 1481 1274 1530; x_wconf 86' lang='lat' dir='ltr'><strong>habui,</strong></span> <span class='ocrx_word' id='word_1_150' title='bbox 1307 1488 1355 1523; x_wconf 76' lang='lat' dir='ltr'><strong>ut</strong></span> 
     </span>
    </p>
   </div>
   <div class='ocr_carea' id='block_1_7' title="bbox 149 1567 1356 1702">
    <p class='ocr_par' dir='ltr' id='par_1_7' title="bbox 149 1567 1356 1702">
     <span class='ocr_line' id='line_1_23' title="bbox 197 1567 1349 1611; baseline 0.003 -11"><span class='ocrx_word' id='word_1_151' title='bbox 197 1567 208 1586; x_wconf 89' lang='lat'>¹</span> <span class='ocrx_word' id='word_1_152' title='bbox 238 1567 338 1601; x_wconf 78' lang='lat' dir='ltr'><strong>MR:</strong></span> <span class='ocrx_word' id='word_1_153' title='bbox 365 1567 511 1601; x_wconf 83' lang='lat' dir='ltr'><strong>libertus</strong></span> <span class='ocrx_word' id='word_1_154' title='bbox 529 1571 612 1601; x_wconf 84' lang='lat' dir='ltr'><strong>tuus</strong></span> <span class='ocrx_word' id='word_1_155' title='bbox 633 1567 973 1611; x_wconf 72' lang='lat' dir='ltr'><strong>Marty‘ni-Layuna.</strong></span> <span class='ocrx_word' id='word_1_156' title='bbox 1345 1601 1349 1606; x_wconf 90' lang='grc'><em>,</em></span> 
     </span>
     <span class='ocr_line' id='line_1_24' title="bbox 197 1611 1355 1654; baseline 0.005 -11"><span class='ocrx_word' id='word_1_157' title='bbox 197 1611 210 1630; x_wconf 78' lang='lat'>²</span> <span class='ocrx_word' id='word_1_158' title='bbox 237 1620 311 1644; x_wconf 76' lang='lat' dir='ltr'><strong>uss.</strong></span> <span class='ocrx_word' id='word_1_159' title='bbox 345 1611 431 1644; x_wconf 76' lang='lat' dir='ltr'><strong>have</strong></span> <span class='ocrx_word' id='word_1_160' title='bbox 463 1611 599 1645; x_wconf 90' lang='lat' dir='ltr'><strong>homini</strong></span> <span class='ocrx_word' id='word_1_161' title='bbox 630 1611 797 1654; x_wconf 86' lang='lat' dir='ltr'><strong>prudenti</strong></span> <span class='ocrx_word' id='word_1_162' title='bbox 829 1616 903 1646; x_wconf 85' lang='lat' dir='ltr'><strong>tam</strong></span> <span class='ocrx_word' id='word_1_163' title='bbox 935 1613 1040 1647; x_wconf 81' lang='lat' dir='ltr'><strong>valde</strong></span> <span class='ocrx_word' id='word_1_164' title='bbox 1072 1624 1147 1648; x_wconf 85' lang='lat' dir='ltr'><strong>esse</strong></span> <span class='ocrx_word' id='word_1_165' title='bbox 1178 1618 1355 1654; x_wconf 76' lang='lat' dir='ltr'><strong>mutatam</strong></span> 
     </span>
     <span class='ocr_line' id='line_1_25' title="bbox 149 1654 1356 1702; baseline 0.004 -15"><span class='ocrx_word' id='word_1_166' title='bbox 149 1654 369 1688; x_wconf 84' lang='lat' dir='ltr'><strong>voluntatem</strong></span> <span class='ocrx_word' id='word_1_167' title='bbox 395 1658 519 1688; x_wconf 77' lang='lat' dir='ltr'><strong>tuam=</strong></span> <span class='ocrx_word' id='word_1_168' title='bbox 563 1655 586 1688; x_wconf 91' lang='grc' dir='ltr'><em>Ῑ</em></span> <span class='ocrx_word' id='word_1_169' title='bbox 607 1656 692 1689; x_wconf 77' lang='lat' dir='ltr'><strong>have</strong></span> <span class='ocrx_word' id='word_1_170' title='bbox 719 1657 872 1698; x_wconf 73' lang='lat' dir='ltr'><strong>adopted</strong></span> <span class='ocrx_word' id='word_1_171' title='bbox 901 1657 1069 1699; x_wconf 70' lang='lat' dir='ltr'><strong>Tyrrell&#39;s</strong></span> <span class='ocrx_word' id='word_1_172' title='bbox 1096 1657 1250 1698; x_wconf 77' lang='lat' dir='ltr'><strong>hominis</strong></span> <span class='ocrx_word' id='word_1_173' title='bbox 1272 1669 1356 1702; x_wconf 81' lang='lat' dir='ltr'><strong>pru-</strong></span> 
     </span>
    </p>
   </div>
   <div class='ocr_carea' id='block_1_8' title="bbox 101 1698 1116 1743">
    <p class='ocr_par' dir='ltr' id='par_1_8' title="bbox 101 1698 1116 1743">
     <span class='ocr_line' id='line_1_26' title="bbox 101 1698 1116 1743; baseline 0.002 -12"><span class='ocrx_word' id='word_1_174' title='bbox 101 1706 113 1719; x_wconf 87' lang='lat'>·</span> <span class='ocrx_word' id='word_1_175' title='bbox 149 1698 277 1738; x_wconf 87' lang='lat' dir='ltr'><strong>dentis,</strong></span> <span class='ocrx_word' id='word_1_176' title='bbox 294 1699 367 1731; x_wconf 81' lang='lat' dir='ltr'><strong>and</strong></span> <span class='ocrx_word' id='word_1_177' title='bbox 384 1699 538 1731; x_wconf 74' lang='lat' dir='ltr'><strong>restored</strong></span> <span class='ocrx_word' id='word_1_178' title='bbox 554 1703 654 1732; x_wconf 87' lang='lat' dir='ltr'><strong>tuam</strong></span> <span class='ocrx_word' id='word_1_179' title='bbox 673 1703 707 1732; x_wconf 75' lang='lat' dir='ltr'><strong>to</strong></span> <span class='ocrx_word' id='word_1_180' title='bbox 725 1700 771 1733; x_wconf 74' lang='lat' dir='ltr'><strong>its</strong></span> <span class='ocrx_word' id='word_1_181' title='bbox 788 1701 934 1733; x_wconf 78' lang='lat' dir='ltr'><strong>natural</strong></span> <span class='ocrx_word' id='word_1_182' title='bbox 949 1701 1116 1743; x_wconf 77' lang='lat' dir='ltr'><strong>position.</strong></span> 
     </span>
    </p>
   </div>
   <div class='ocr_carea' id='block_1_9' title="bbox 146 1775 1353 2038">
    <p class='ocr_par' dir='ltr' id='par_1_9' title="bbox 196 1775 996 1819">
     <span class='ocr_line' id='line_1_27' title="bbox 196 1775 996 1819; baseline 0.004 -11"><span class='ocrx_word' id='word_1_183' title='bbox 196 1780 210 1794; x_wconf 78' lang='lat'><em>⁰</em></span> <span class='ocrx_word' id='word_1_184' title='bbox 236 1775 256 1788; x_wconf 89' lang='lat'><strong>“</strong></span> <span class='ocrx_word' id='word_1_185' title='bbox 273 1775 348 1808; x_wconf 89' lang='lat' dir='ltr'><strong>The</strong></span> <span class='ocrx_word' id='word_1_186' title='bbox 365 1787 450 1818; x_wconf 86' lang='lat' dir='ltr'><strong>very</strong></span> <span class='ocrx_word' id='word_1_187' title='bbox 468 1777 637 1818; x_wconf 83' lang='lat' dir='ltr'><strong>recipient</strong></span> <span class='ocrx_word' id='word_1_188' title='bbox 653 1777 695 1810; x_wconf 89' lang='lat' dir='ltr'><strong>of</strong></span> <span class='ocrx_word' id='word_1_189' title='bbox 708 1788 769 1819; x_wconf 91' lang='lat' dir='ltr'><strong>my</strong></span> <span class='ocrx_word' id='word_1_190' title='bbox 787 1776 996 1811; x_wconf 86' lang='lat' dir='ltr'><strong>kindness.”</strong></span> 
     </span>
    </p>

    <p class='ocr_par' dir='ltr' id='par_1_10' title="bbox 146 1818 1353 2038">
     <span class='ocr_line' id='line_1_28' title="bbox 198 1818 1353 1861; baseline 0.004 -10"><span class='ocrx_word' id='word_1_191' title='bbox 198 1818 211 1839; x_wconf 73' lang='lat'><em>⁶</em></span> <span class='ocrx_word' id='word_1_192' title='bbox 237 1818 474 1861; x_wconf 86' lang='lat' dir='ltr'><strong>Proquaestor</strong></span> <span class='ocrx_word' id='word_1_193' title='bbox 510 1822 547 1853; x_wconf 87' lang='lat' dir='ltr'><strong>to</strong></span> <span class='ocrx_word' id='word_1_194' title='bbox 584 1819 624 1853; x_wconf 93' lang='lat' dir='ltr'><strong>C.</strong></span> <span class='ocrx_word' id='word_1_195' title='bbox 663 1820 841 1854; x_wconf 89' lang='lat' dir='ltr'><strong>Antonius</strong></span> <span class='ocrx_word' id='word_1_196' title='bbox 879 1822 913 1854; x_wconf 93' lang='lat' dir='ltr'><strong>in</strong></span> <span class='ocrx_word' id='word_1_197' title='bbox 954 1821 1180 1856; x_wconf 81' lang='lat' dir='ltr'><strong>Macedonia.</strong></span> <span class='ocrx_word' id='word_1_198' title='bbox 1230 1821 1353 1857; x_wconf 81' lang='lat' dir='ltr'><strong>Cicero</strong></span> 
     </span>
     <span class='ocr_line' id='line_1_29' title="bbox 147 1862 1353 1915; baseline 0.003 -20"><span class='ocrx_word' id='word_1_199' title='bbox 147 1862 324 1895; x_wconf 82' lang='lat' dir='ltr'><strong>defended</strong></span> <span class='ocrx_word' id='word_1_200' title='bbox 343 1863 417 1896; x_wconf 90' lang='lat' dir='ltr'><strong>him</strong></span> <span class='ocrx_word' id='word_1_201' title='bbox 436 1862 535 1915; x_wconf 67' lang='lat' dir='ltr'><strong>later,</strong></span> <span class='ocrx_word' id='word_1_202' title='bbox 554 1865 588 1896; x_wconf 91' lang='lat' dir='ltr'><strong>in</strong></span> <span class='ocrx_word' id='word_1_203' title='bbox 610 1863 693 1897; x_wconf 92' lang='lat' dir='ltr'><strong>Feb.</strong></span> <span class='ocrx_word' id='word_1_204' title='bbox 714 1867 756 1897; x_wconf 83' lang='lat'><strong>56</strong></span> <span class='ocrx_word' id='word_1_205' title='bbox 776 1875 854 1904; x_wconf 80' lang='lat' dir='ltr'><strong>13.c.‚</strong></span> <span class='ocrx_word' id='word_1_206' title='bbox 873 1876 918 1898; x_wconf 92' lang='lat' dir='ltr'><strong>on</strong></span> <span class='ocrx_word' id='word_1_207' title='bbox 937 1875 959 1898; x_wconf 86' lang='lat' dir='ltr'><strong>a</strong></span> <span class='ocrx_word' id='word_1_208' title='bbox 976 1865 1107 1908; x_wconf 85' lang='lat' dir='ltr'><strong>charge</strong></span> <span class='ocrx_word' id='word_1_209' title='bbox 1125 1866 1167 1899; x_wconf 79' lang='lat' dir='ltr'><strong>de</strong></span> <span class='ocrx_word' id='word_1_210' title='bbox 1185 1867 1222 1898; x_wconf 76' lang='lat' dir='ltr'><strong>vi</strong></span> <span class='ocrx_word' id='word_1_211' title='bbox 1239 1867 1274 1899; x_wconf 89' lang='lat' dir='ltr'><strong>in</strong></span> <span class='ocrx_word' id='word_1_212' title='bbox 1292 1866 1353 1900; x_wconf 88' lang='lat' dir='ltr'><strong>the</strong></span> 
     </span>
     <span class='ocr_line' id='line_1_30' title="bbox 146 1907 1352 1995; baseline 0.005 -13"><span class='ocrx_word' id='word_1_213' title='bbox 146 1907 636 1990; x_wconf 50' lang='grc' dir='ltr'><strong>Ερῗθέιτέἶξέτδὲῗέᾌτηεὶὶα,</strong></span> <span class='ocrx_word' id='word_1_214' title='bbox 656 1951 716 1984; x_wconf 87' lang='lat' dir='ltr'><strong>the</strong></span> <span class='ocrx_word' id='word_1_215' title='bbox 734 1953 814 1985; x_wconf 89' lang='lat' dir='ltr'><strong>wife</strong></span> <span class='ocrx_word' id='word_1_216' title='bbox 832 1953 873 1985; x_wconf 84' lang='lat' dir='ltr'><strong>of</strong></span> <span class='ocrx_word' id='word_1_217' title='bbox 888 1951 1047 1992; x_wconf 69' lang='lat' dir='ltr'><strong>Sestius-15</strong></span> <span class='ocrx_word' id='word_1_218' title='bbox 1079 1952 1166 1995; x_wconf 85' lang='lat' dir='ltr'><strong>they</strong></span> <span class='ocrx_word' id='word_1_219' title='bbox 1184 1964 1275 1987; x_wconf 85' lang='lat' dir='ltr'><strong>were</strong></span> <span class='ocrx_word' id='word_1_220' title='bbox 1293 1953 1352 1988; x_wconf 82' lang='lat' dir='ltr'><strong>the</strong></span> 
     </span>
     <span class='ocr_line' id='line_1_31' title="bbox 146 1993 770 2038; baseline 0.002 -11"><span class='ocrx_word' id='word_1_221' title='bbox 146 1993 306 2027; x_wconf 82' lang='lat' dir='ltr'><strong>children</strong></span> <span class='ocrx_word' id='word_1_222' title='bbox 324 1995 365 2028; x_wconf 88' lang='lat' dir='ltr'><strong>of</strong></span> <span class='ocrx_word' id='word_1_223' title='bbox 378 1994 418 2028; x_wconf 92' lang='lat' dir='ltr'><strong>C.</strong></span> <span class='ocrx_word' id='word_1_224' title='bbox 438 1994 622 2028; x_wconf 87' lang='lat' dir='ltr'><strong>Cornelius</strong></span> <span class='ocrx_word' id='word_1_225' title='bbox 640 1994 770 2038; x_wconf 85' lang='lat' dir='ltr'><strong>Scipio.</strong></span> 
     </span>
    </p>
   </div>
   <div class='ocr_carea' id='block_1_10' title="bbox 146 2051 225 2085">
    <p class='ocr_par' dir='ltr' id='par_1_11' title="bbox 146 2051 225 2085">
     <span class='ocr_line' id='line_1_32' title="bbox 146 2051 225 2085; baseline 0.013 -1"><span class='ocrx_word' id='word_1_226' title='bbox 146 2051 225 2085; x_wconf 78' lang='lat'><strong>342</strong></span> 
     </span>
    </p>
   </div>
  </div>
 </body>
</html>
