1442 2392
684 144 888 184 CICERO

181 252 315 288 minus
337 256 411 288 tua
432 263 556 288 causa
577 248 699 288 velim
717 262 727 295 ;
764 249 841 288 hoc
863 262 1098 300 assequere,
1120 255 1181 296 ut,
1203 251 1328 302 quam
1347 247 1390 289 iis

181 310 344 355 partem
379 310 428 343 tu
463 306 651 355 accipias,
686 306 820 342 minus
855 303 1053 343 laborem.
1106 303 1223 343 Haec
1258 304 1312 343 ad
1345 309 1390 344 te

180 361 320 409 scripsi
358 358 539 404 liberius,
571 357 702 397 fretus
735 360 985 396 conscientia
1015 358 1119 396 offici
1150 361 1234 397 mei
1265 359 1391 398 bene-

181 413 484 464 volentiaeque,
514 426 638 464 quam
669 426 694 450 a
722 426 790 450 me
820 418 934 451 certo
962 413 1112 451 iudicio
1141 419 1390 466 susceptam,

181 467 319 520 quoad
337 473 384 506 tu
404 467 527 514 voles,
546 468 811 506 conservabo.

733 624 837 663 VIII

299 741 348 768 M.
374 742 413 768 Τ.
441 743 476 768 C.
504 742 667 769 Pnocos.
693 742 727 769 S.
754 742 795 768 D.
822 742 942 768 APPIO
969 742 1154 769 PULCHRO
1181 743 1271 770 IMP.

416 833 459 866 In
476 834 600 866 castris
616 832 663 866 ad
684 833 983 875 Mopsuhestiam,
1001 844 1109 866 ΛΑΜ).
1127 835 1206 867 703.

232 910 337 956 Etsi,
369 916 572 962 quantum
605 923 657 948 ex
690 912 772 948 tuis
803 910 953 948 litteris
983 910 1228 962 intellegere
1258 913 1391 962 po‘tui,

181 966 386 1010 videbam,
414 970 458 1003 te
486 964 592 1002 hane
619 964 849 1015 epistolam,
877 978 970 1003 cum
998 964 1052 1002 ad
1081 964 1238 1003 Urbem
1266 977 1390 1012 esses,

182 1032 271 1057 esse
291 1019 508 1065 lecturum,
527 1017 770 1069 refrigerato
789 1022 871 1056 iam
890 1019 1094 1057 levissimo
1113 1032 1300 1057 sermone
1319 1019 1390 1058 ho-

180 1077 337 1111 minum
374 1073 694 1124 provincialium,
725 1079 882 1119 tamen,
912 1087 1005 1111 cum
1042 1079 1090 1111 tu
1127 1079 1214 1112 tam
1251 1073 1390 1113 multis

182 1129 314 1166 verbis
349 1127 402 1165 ad
434 1141 501 1165 me
536 1127 587 1165 de
621 1128 899 1178 improborum
932 1130 1117 1165 oratione
1150 1130 1390 1178 scripsisses,

180 1181 415 1220 faciendum
453 1181 552 1219 mihi
588 1184 746 1232 putavi,
785 1187 832 1219 ut
870 1184 951 1219 tuis
989 1181 1138 1220 litteris
1176 1182 1290 1220 brevi
1326 1195 1391 1221 re-

181 1237 441 1286 sponderem.
494 1235 577 1274 Sed
608 1238 740 1286 prima
773 1236 854 1273 duo
887 1238 1024 1286 capita
1058 1236 1259 1286 epistulae
1291 1241 1390 1275 tuae

181 1293 310 1328 tacita
344 1290 443 1327 mihi
478 1290 780 1340 quodammodo
814 1289 1084 1339 relinquenda
1117 1296 1227 1329 sunt.
1281 1290 1391 1331 Nihil

181 1348 289 1383 enim
322 1345 492 1390 habent,
526 1344 635 1396 quod
669 1350 742 1383 aut
774 1342 992 1382 definitum
1023 1346 1077 1382 sit
1109 1349 1182 1382 aut
1214 1348 1389 1391 certum,

181 1403 254 1438 nisi
277 1413 343 1437 me
368 1400 482 1437 vultu
504 1402 789 1437 taciturnitate
813 1398 1075 1448 significasse,
1098 1399 1172 1436 tibi
1195 1411 1276 1436 non
1299 1411 1388 1437 esse

182 1456 358 1491 amicum
377 1465 386 1497 ;
423 1452 547 1503 idque
571 1465 644 1502 pro
659 1450 867 1495 tribunali,
890 1463 984 1487 cum
1007 1449 1160 1501 aliquid
1183 1456 1390 1502 ageretur,

183 1514 227 1546 et
261 1506 464 1545 nonnullis
508 1509 551 1543 in
595 1507 786 1543 conviviis
830 1504 1017 1555 intellegi
1050 1507 1247 1555 potuisse.
1301 1503 1391 1544 Hoc

182 1567 319 1600 totum
347 1560 447 1598 nihil
476 1573 579 1605 esse,
607 1573 772 1610 possum
799 1558 1072 1609 intellegere;
1114 1558 1189 1597 sed
1216 1572 1310 1597 cum
1337 1562 1391 1598 sit

238 1661 253 1677 ⁸
278 1659 398 1697 Μόψου
420 1658 525 1693 ἑστία,
543 1654 636 1687 “the
659 1653 797 1686 Hearth
820 1653 861 1686 of
883 1652 1074 1695 Mopsus‚’'
1096 1653 1256 1687 founded
1279 1653 1327 1697 by
1342 1665 1389 1689 an

192 1701 326 1742 Argive
336 1700 442 1741 priest
459 1697 531 1731 and
548 1697 640 1739 king
653 1697 693 1730 of
704 1697 783 1730 that
800 1707 916 1735 name,
931 1707 1003 1730 was
1019 1707 1066 1730 an
1082 1698 1278 1740 important
1293 1700 1389 1732 town

193 1743 234 1776 of
254 1743 378 1776 Cilicia
400 1742 628 1784 Campestris,
646 1752 693 1773 011
710 1740 797 1773 both
817 1739 934 1773 banks
955 1740 996 1773 of
1015 1740 1077 1773 the
1093 1741 1184 1773 river
1201 1740 1388 1783 Pyramus.

194 1786 227 1819 It
243 1785 370 1819 should
395 1785 439 1818 be
463 1783 604 1818 noticed
626 1784 705 1816 that
728 1784 799 1816 this
823 1783 924 1816 letter
938 1793 1011 1816 was
1027 1785 1167 1816 written
1191 1784 1315 1827 nearly
1336 1786 1390 1818 six

193 1830 336 1862 months
361 1829 474 1871 before
497 1829 558 1862 the
582 1827 776 1871 preceding
799 1826 1046 1865 letter‚-—-such
1072 1828 1102 1860 is
1124 1827 1216 1860 their
1239 1827 1391 1862 chrono-

192 1873 225 1906 lo
254 1873 319 1906 ical
336 1873 455 1906 chaos.

227 1885 252 1937 ἐξ
277 1916 343 1948 “A
367 1914 542 1949 technical
566 1915 769 1956 expression
793 1913 850 1946 for
871 1913 1045 1955 generals,
1070 1913 1162 1953 who,
1186 1913 1279 1947 after
1303 1914 1389 1958 they

191 1959 260 1992 had
286 1958 454 1992 obtained
478 1958 538 1991 the
561 1957 763 2000 imperinm,
780 1956 908 1989 waited
933 1956 1071 1989 outside
1093 1957 1154 1990 the
1177 1959 1261 1999 city,
1278 1958 1389 1992 either

192 2005 289 2045 prior
313 2006 350 2035 to
381 2002 472 2035 their
501 2002 702 2043 departure,
730 2001 765 2032 in
791 1999 894 2032 order
923 2003 961 2033 to
986 1999 1094 2032 make
1123 1999 1170 2033 all
1202 2011 1388 2045 necessary

193 2047 450 2089 preparations‚
467 2056 507 2078 or
523 2056 570 2077 on
588 2045 678 2077 their
693 2046 826 2082 return,
844 2042 874 2075 if
891 2043 1159 2086 endeavouring·
1173 2046 1210 2076 to
1226 2044 1350 2079 obtain
1365 2056 1391 2079 a

196 2098 270 2143 196
