1442 2392
124 553 165 585 21

701 160 904 200 CICERO

196 268 445 317 provinciam
457 271 522 304 est
532 265 755 316 profectus.
809 265 916 303 Nam
927 279 1020 303 curn
1031 265 1132 303 mihi
1141 265 1403 312 condixisse&

196 339 359 375 cenavit
388 336 498 387 apud
525 349 592 374 me
620 339 663 374 in
690 338 773 374 mei
800 339 944 387 generi
981 335 1231 388 Crassipedis
1262 335 1403 376 hortis.

197 406 476 455 Quamobrem
509 409 595 445 eius
627 420 807 452 causam,
840 406 950 458 quod
981 412 1025 445 te
1057 407 1197 446 scribis
1229 406 1404 465 audisse,

195 491 347 529 magna
378 477 483 516 illius
511 477 870 516 commendatione
903 483 1138 529 susceptam
1165 477 1334 517 defendi
1361 480 1404 516 in

195 554 357 594 senatu,
385 551 490 586 sicut
516 561 610 586 mea
637 548 738 587 fides
764 547 1015 599 postulabat.
1069 548 1291 600 Accepisti,
1316 551 1405 600 qui-

195 622 271 660 bus
303 622 425 660 rebus
461 622 662 660 adductus
696 634 903 673 quamque
939 634 1027 659 rem
1057 635 1304 674 causamque
1334 621 1404 662 de-

193 691 408 738 fenderim,
443 694 596 743 quique
633 704 750 730 meus
787 695 829 730 in
865 691 1074 743 republica
1110 695 1165 731 sit
1199 706 1275 744 pro
1309 706 1404 735 mea

193 768 312 814 parte
336 763 587 814 capessenda
611 768 759 800 status.
814 762 879 800 De
903 775 984 814 quo
1006 765 1063 801 sic
1086 762 1207 802 velim
1229 769 1403 811 statuas,

193 846 260 871 me
297 833 398 871 haec
434 833 580 871 eadem
616 846 830 871 sensurum
865 832 1005 880 fuisse,
1039 836 1073 872 si
1107 833 1207 872 mihi
1239 837 1404 887 integra

193 906 330 942 omnia
359 917 406 942 ac
434 903 563 943 libera
591 902 779 942 fuissent.
834 903 941 942 Nam
970 917 1105 956 neque
1133 905 1402 956 pugnandum

194 975 414 1012 arbitrarer
457 980 600 1012 contra
644 980 783 1012 tantas
828 987 941 1025 opes,
985 987 1122 1026 neque
1165 975 1402 1024 delendum,

192 1047 354 1083 etiamsi
381 1045 424 1082 id
452 1044 539 1082 fieri
565 1050 720 1095 posset,
748 1058 999 1083 summorum
1027 1048 1174 1085 civium
1201 1049 1402 1100 principa-

190 1121 295 1161 tum,
330 1128 465 1166 neque
499 1115 826 1166 permanendum
859 1118 903 1153 in
936 1129 1019 1154 una
1051 1108 1274 1164 sententia,
1307 1131 1402 1158 con-

190 1189 315 1224 versis
335 1187 457 1224 rebus
479 1200 526 1224 ac
545 1187 745 1224 bonorum
766 1186 1045 1226 voluntatibus
1064 1189 1308 1234 immutatis,
1327 1188 1401 1228 sed

188 1258 442 1308 temporibus
464 1257 786 1295 assentiendum.
833 1257 1069 1308 Numquam
1085 1260 1194 1296 enim
1209 1258 1270 1296 in1
1282 1271 1401 1311 prae-

189 1328 393 1367 stantibus
421 1331 463 1366 in
489 1327 699 1379 republica
724 1328 994 1380 gubernanda
1020 1331 1113 1367 viris
1137 1327 1309 1381 laudata
1335 1333 1400 1373 esi:

187 1401 231 1436 in
250 1412 332 1437 una
350 1401 559 1437 sententia
577 1404 782 1450 perpetua
799 1401 1032 1449 permansio
1050 1412 1060 1445 ;
1093 1399 1181 1445 sed,
1201 1405 1249 1439 ut
1266 1403 1310 1442 in
1327 1408 1401 1440 nab.

188 1469 364 1521 vigando
383 1472 626 1520 tempestati
645 1469 817 1520 obsequi
837 1472 934 1508 artis
955 1475 1033 1516 est,
1053 1472 1214 1509 etiamsi
1232 1459 1397 1522 portum

188 1545 331 1578 tenere
353 1553 435 1578 non
463 1553 605 1592 queas,
626 1554 719 1578 cum
740 1553 836 1578 vero
864 1540 907 1578 id
934 1543 1062 1591 possis
1090 1546 1254 1580 mutata
1273 1541 1399 1582 velifi-

185 1613 348 1649 catione
366 1613 543 1662 assequi,
559 1610 734 1649 stultum
751 1616 816 1649 est
833 1623 928 1648 eum
945 1616 1090 1650 tenere
1106 1624 1201 1650 cum
1215 1612 1398 1662 periculo

185 1693 362 1726 cursum,
387 1694 511 1732 quem
535 1684 706 1732 ceperis,
729 1684 866 1732 potius
891 1694 1029 1732 quam,
1054 1694 1104 1719 eo
1127 1677 1396 1730 commutato,

239 1783 252 1803 ²
277 1785 314 1817 in
338 1795 377 1817 as
402 1784 557 1817 inserted
581 1783 636 1825 (in
660 1783 793 1825 italics)
818 1784 860 1826 by
884 1783 963 1817 both
992 1783 1133 1818 Watson
1156 1785 1229 1833 and
1256 1785 1397 1828 Tyrrell¹

190 1838 296 1860 888m8
313 1838 504 1870 ‘neces-Yam·

245 1967 261 1984 ⁰
284 1962 348 1997 Or.
368 1962 388 1976 ‘⁶
405 1962 518 1996 asked
537 1974 593 1996 me
610 1965 647 1996 to
666 1973 771 1996 name
788 1973 809 1996 a
827 1961 938 2004 day‚”
957 1963 1012 1996 222.
1031 1962 1164 1996 invited
1182 1963 1336 1999 himself.

335 2005 348 2025 υ
373 2006 394 2019 “
411 2006 611 2045 Caesar's‚’‘
627 2005 1086 2092 §Vgtsontggl‘xggnpey’sss’
1101 2006 1250 2049 Tyrrell.

192 2107 242 2143 78
