1442 2392
702 133 906 173 CICERO

199 239 313 285 nihil,
360 252 415 279 ne
459 239 559 290 quid
604 239 764 277 dicatur
810 237 993 288 quidem,
1037 236 1250 288 intellego.
1304 233 1412 278 Illud

199 294 367 346 quidem
388 296 485 339 scio,
500 306 614 331 meos
633 292 784 330 multos
805 298 849 330 et
870 291 1049 330 illustres
1069 296 1114 330 et
1132 303 1184 333 ex
1203 291 1413 341 superiore

202 355 247 387 et
272 361 323 386 ex
348 361 481 399 aequo
504 348 593 386 loco
617 359 826 385 sermones
850 345 1012 384 habitos
1037 359 1131 384 eum
1154 350 1229 383 tua
1251 350 1412 382 summa

199 402 321 441 laude
367 408 412 441 et
456 415 550 440 cum
593 414 746 452 magna
789 399 1061 439 sollicitudine
1105 398 1411 451 significationis

200 463 365 495 nostrae
401 456 691 494 familiaritatis
727 454 781 493 ad
815 460 860 493 te
896 467 991 492 vere
1027 456 1210 505 potuisse
1245 450 1412 491 deferri.

201 511 322 557 Nam,
343 511 455 562 quod
475 511 528 548 ad
546 510 706 561 legatos
728 511 895 554 attinet,
915 508 1015 560 quid
1034 522 1060 546 a
1078 520 1147 546 me
1162 506 1256 546 fieri
1273 507 1412 557 potuit

201 571 274 603 aut
293 565 524 616 elegantius
544 570 617 603 aut
635 566 795 609 iustius,
815 576 940 615 quam
958 569 1007 601 ut
1024 567 1214 613 sumptus
1232 562 1412 612 egentis.-

200 622 395 658 simarum
415 622 629 657 civitatum
650 621 893 663 minuerem,
913 619 1001 656 sine
1022 616 1106 655 ulla
1124 617 1412 654 imminutione

200 674 415 725 dignitatis
448 680 562 721 tuae,
595 675 840 724 praesertim
873 674 970 722 ipsis
1003 671 1239 709 civitatibus
1271 674 1412 720 postu-

199 728 412 766 lantibus?
468 728 575 766 Nam
602 727 702 765 mihi
730 732 867 765 totum
895 739 1026 777 genus
1053 725 1310 776 legationum
1337 727 1411 762 tuo

199 786 365 821 nomine
390 782 735 833 proficiscentium
759 787 905 819 notum
931 793 1013 818 non
1039 785 1142 818 erat.
1196 778 1410 829 Apameae

199 851 293 875 cum
329 850 476 883 essem,
510 836 734 874 multarum
768 837 983 873 civitatum
1017 836 1221 885 principes
1256 831 1310 870 ad
1342 843 1410 869 me

199 891 454 937 detulerunt,
484 896 672 941 sumptus
703 890 868 928 decerni
897 889 1046 940 legatis
1076 890 1196 926 nimis
1225 898 1410 938 magnos,

150 950 170 984 3
197 959 290 984 cum
317 945 512 984 solvendo
538 946 727 984 civitates
754 957 837 982 non
864 948 1017 982 essent.
1069 941 1148 981 Hic
1175 954 1254 993 ego
1279 937 1412 978 multa

198 1000 319 1038 simul
355 1002 547 1052 cogitavi.
601 999 784 1037 Primum
819 1004 878 1044 te,
915 997 1124 1036 hominem
1160 1009 1243 1034 non
1279 992 1410 1032 solum

199 1057 446 1105 sapientem,
461 1067 602 1092 verum
618 1056 745 1091 etiam
760 1053 824 1104 (ut
838 1065 946 1090 nunc
959 1050 1180 1103 loquimur)
1195 1047 1410 1093 urbanum,

199 1122 281 1146 non
319 1109 549 1147 arbitrabar
584 1120 738 1159 genere
775 1109 855 1145 isto
891 1106 1147 1158 legationum
1184 1103 1410 1148 delectari3

198 1163 323 1214 idque
339 1176 406 1201 me
422 1163 597 1201 arbitror
610 1161 812 1213 Synnadis
827 1174 901 1211 pro
915 1159 1110 1199 tribunali
1123 1158 1263 1197 multis
1278 1155 1411 1195 verbis

198 1217 740 1268 disputavisse‚—primum,
776 1215 959 1266 Appium
995 1213 1212 1252 Claudium
1247 1206 1410 1250 senatui

197 1271 432 1323 populoque
451 1271 652 1316 Romano,
670 1283 753 1308 non
773 1269 1077 1308 Midaeensium
1096 1262 1411 1317 testimoniofin

199 1339 249 1364 ea
276 1329 386 1364 enim
412 1328 580 1364 civitate
606 1327 764 1362 mentio
789 1323 902 1362 facta
928 1323 1023 1375 est),
1049 1321 1124 1360 sed
1149 1334 1223 1360 sua
1247 1323 1410 1371 sponte,

200 1393 289 1418 esse
327 1380 571 1425 laudatum3
625 1378 775 1417 deinde
814 1391 882 1416 me
919 1379 1001 1416 ista
1038 1376 1186 1415 vidisse
1225 1372 1410 1425 accidere

198 1434 352 1480 multis,
376 1440 424 1472 ut
448 1447 590 1472 eorum
613 1446 736 1471 eausa
757 1432 987 1484 legationes
1012 1429 1185 1469 Romam
1207 1431 1410 1472 venirent,

199 1489 273 1527 sed
305 1488 366 1527 his
398 1488 674 1540 legationibus
705 1500 788 1524 non
819 1488 1054 1524 meminisse
1086 1484 1214 1523 ullum
1245 1488 1410 1533 tempus

249 1561 265 1577 ⁰
289 1556 322 1589 lt
346 1566 418 1589 was
443 1559 650 1597 customary
674 1556 710 1588 in
735 1555 796 1588 the
820 1555 1007 1596 provinces
1036 1556 1075 1586 to
1099 1550 1187 1586 send
1212 1551 1347 1594 legates
1371 1551 1409 1582 to

205 1599 320 1632 Rome
350 1602 388 1632 to
418 1598 608 1632 commend
639 1597 819 1640 (laudare)
850 1608 898 1630 an
927 1606 1174 1639 eir-governor,
1205 1593 1278 1627 and
1308 1602 1407 1636 proes

203 1642 258 1675 his
283 1642 407 1676 claims
431 1646 468 1676 to
493 1653 515 1675 a
539 1642 711 1684 triumph.
769 1641 846 1674 The
870 1651 1023 1683 expense
1043 1650 1117 1673 was
1140 1639 1252 1674 borne
1277 1636 1330 1679 by
1349 1636 1410 1671 the

203 1686 399 1762 provincial
429 1689 550 1725 states,
581 1685 654 1719 and
684 1685 745 1718 the
775 1685 930 1727 practice
961 1684 1108 1717 became
1131 1693 1180 1716 an
1200 1679 1408 1716 intolerable

228 1729 341 1763 urden
377 1740 475 1772 upon
509 1729 620 1762 them.
684 1728 771 1761 This
802 1738 874 1761 was
906 1738 986 1761 now
1024 1727 1084 1760 the
1114 1736 1196 1759 case
1226 1723 1312 1758 with
1347 1721 1408 1768 the

208 1773 388 1812 Cilicians,
412 1773 504 1812 who,
521 1773 661 1814 though
685 1771 821 1815 willing
842 1774 881 1804 to
904 1769 992 1804 send
1015 1770 1149 1814 legates
1171 1771 1210 1802 to
1233 1767 1349 1801 Rome
1371 1769 1409 1800 to

210 1817 438 1850 “commend
464 1816 642 1859 Appius‚’'
666 1814 781 1849 found
813 1814 872 1848 the
894 1817 972 1848 eost
997 1817 1059 1847 too
1107 1814 1193 1850 reat,
1217 1810 1288 1845 and
1314 1819 1411 1844 oom-

206 1859 349 1902 plained
364 1863 403 1893 to
419 1860 554 1894 Cicero.
606 1860 662 1892 He
678 1857 827 1892 ordered
842 1858 922 1891 that
937 1869 1010 1900 any
1025 1868 1089 1891 suc
1129 1855 1265 1898 legates
1279 1852 1409 1888 should

208 1914 281 1946 pay
291 1903 383 1936 their
393 1915 472 1937 own
483 1914 664 1946 expenses,
673 1902 745 1954 and
754 1902 833 1935 that
842 1902 903 1934 the
912 1905 1026 1953 towns
1036 1899 1166 1975 shoukll
1177 1901 1250 1974 ηοξ)
1248 1898 1294 1949 be
1302 1895 1410 1975 tgxded

208 1947 266 2010 for³
279 1947 340 1980 the
356 1957 522 1989 purpose.
572 1946 626 1979 To
641 1946 712 1979 this
727 1944 832 1978 order
848 1946 989 1987 Applus
1006 1942 1148 1978 natural
1162 1953 1186 1985 y
1201 1953 1223 1975 ο
1246 1951 1304 1984 Jee
1368 1964 1377 1973 .

292 1990 312 2004 ‘⁴
332 1991 388 2033 By
418 1990 473 2024 his
511 2001 591 2023 own
629 1988 886 2032 personality.”
942 1987 1091 2030 Tyrrell.
1147 1990 1170 2005 ‘⁴
1182 1985 1255 2019 But
1284 1985 1322 2019 in
1351 1983 1411 2018 the

208 2034 349 2067 natural
363 2044 489 2067 course
505 2033 546 2067 of
558 2032 719 2076 things.’'
770 2031 1027 2074 Shuckburgh.

215 2082 288 2121 198
