1442 2392
660 134 864 175 CICERO

157 255 290 294 paene
310 243 519 280 minitanti
539 241 655 279 nobis
675 253 750 291 per
768 240 928 279 litteras
949 240 1026 280 hoc
1043 240 1222 280 rescribo
1242 245 1371 293 atque

157 304 453 355 respondeo—
468 316 547 355 ego
573 302 701 341 dolori
727 309 800 341 tuo
826 316 909 341 non
934 303 1065 342 solum
1090 305 1271 355 ignosco,
1297 303 1370 342 sed

159 380 362 406 summam
405 368 532 404 etiam
572 365 739 403 laudem
780 366 931 404 tribuo.
987 364 1110 404 Meus
1152 368 1262 404 enim
1301 371 1375 404 me

159 442 316 474 sensus,
341 434 498 479 quanta
523 430 580 465 vis
606 426 778 465 fraterni
803 430 856 466 sit
882 430 1044 474 amoris,
1069 427 1279 482 admonet.
1308 421 1371 466 ⁴‘A

161 497 205 530 te
223 497 338 542 peto,
358 496 406 528 ut
424 496 471 528 tu
491 502 655 541 quoque
675 502 855 541 aequum
873 495 917 528 te
935 490 1113 528 iudicem
1131 487 1260 529 dolori
1272 494 1372 543 meo

160 553 361 604 praebeas
380 566 390 590 ι
424 554 458 590 si
478 552 640 598 acerbe,
660 554 694 590 si
713 551 947 598 crudeliter,
967 554 1001 591 si
1025 552 1114 591 sine
1139 543 1376 605 eausa'sum'

162 629 187 653 a
213 618 295 653 tuis
323 620 601 665 oppugnatus,
629 619 677 652 ut
704 619 878 660 statuas,
905 614 1005 652 mihi
1031 628 1116 654 non
1140 615 1263 656 modo
1290 628 1374 655 non
1396 617 1398 619 ’

162 677 408 722 cedendum,
426 676 501 715 sed
519 679 647 714 etiam
665 681 739 714 tuo
758 682 884 728 atque
905 679 1110 716 exercitus
1127 679 1191 716 tui
1208 677 1373 724 anxilio,

162 743 205 778 in
239 739 439 778 eiusmodi
473 753 609 785 eausa,
644 739 846 777 utendum
879 738 1020 778 fuisse.
1072 739 1163 792 Ego
1195 745 1241 779 te
1273 734 1376 779 mihi

163 815 327 853 semper
347 805 523 840 amicum
546 814 635 840 esse
657 801 794 847 volui;
829 815 896 840 me
918 807 967 841 ut
987 803 1064 840 tibi
1086 805 1374 842 amicissimum

164 877 253 904 esse
276 864 555 916 intellegeres,
573 864 768 903 laboravi.
823 864 978 903 Maneo
1001 868 1044 903 in
1067 865 1296 916 voluntate,
1315 870 1375 915 et,

164 927 301 979 quoad
339 926 449 965 voles
488 932 549 972 tu,
588 927 855 977 permanebo,
893 930 1096 979 citiusque
1135 926 1274 981 amore
1304 922 1374 975 tui

164 989 336 1027 fratrem
357 995 476 1027 tuum
497 988 630 1027 odisse
652 989 852 1035 desinam,
873 1003 997 1040 quam
1017 989 1124 1031 illius
1144 984 1238 1028 odio
1259 978 1374 1042 quid-

165 1064 290 1104 quam
310 1050 362 1089 de
383 1056 524 1089 nostra
544 1050 833 1090 benevolentia
853 1051 1106 1091 detraham.

738 1222 805 1261 III

409 1339 447 1371 Q.
475 1339 679 1365 METELLUS
707 1339 801 1365 NEP.
828 1339 872 1376 8.Δ
889 1340 929 1366 D.
957 1339 1004 1366 M.
1030 1340 1069 1366 Τ.
1096 1340 1132 1368 C.

539 1429 582 1462 In
600 1429 789 1472 Hispania,
807 1441 842 1462 A.
846 1441 880 1463 u.
883 1441 914 1463 c.
924 1432 1012 1470 698.

121 1521 136 1554 l
220 1516 407 1554 Hominis
419 1518 756 1566 importunissimi
768 1516 1042 1555 contumeliae
1047 1517 1212 1569 ,quibus
1223 1518 1375 1558 crebris

165 1579 426 1618 concionibus
453 1591 519 1616 me
546 1584 706 1624 onerat,
726 1581 807 1617 tuis
835 1592 934 1631 erga
960 1593 1027 1618 me
1054 1580 1192 1619 officiis
1217 1572 1380 1631 lenium¹

166 1647 235 1679 tur
267 1647 325 1686 et,
364 1646 411 1679 ut
444 1646 542 1679 sunt
573 1640 684 1679 leves
719 1642 771 1679 ab
805 1642 1004 1680 eiusmodi
1037 1641 1216 1689 homine,
1250 1657 1274 1682 a
1307 1657 1377 1683 me

166 1704 475 1754 despiciuntur;
527 1703 788 1755 libenterque
826 1710 1082 1743 commutata
1117 1712 1373 1756 personate

216 1814 287 1847 “A
304 1813 452 1856 slightly
466 1813 621 1847 satirical
637 1813 814 1848 reference
829 1817 866 1847 to
881 1814 994 1848 Celer'
995 1826 1012 1849 s
1027 1815 1197 1849 amarciem·
1207 1821 1374 1859 praesum

172 1859 205 1892 in
226 1858 284 1890 the
301 1857 495 1900 preceding
511 1857 623 1890 letter.

217 1901 230 1921 ⁶
257 1900 289 1933 1t
304 1900 433 1934 should
448 1900 493 1934 be
509 1900 650 1934 noticed
666 1901 743 1934 that
758 1901 829 1934 this
844 1900 946 1934 letter
961 1912 1033 1935 was
1049 1903 1188 1936 written
1202 1903 1256 1936 six
1270 1914 1375 1946 years

172 1944 259 1976 later
275 1944 363 1976 than
379 1944 440 1977 the
454 1943 622 1986 precedin
600 1954 652 2021 ηιξ
666 1943 777 1977 letter.

220 1987 400 2020 ⁰Almost
418 1987 592 2030 certainly
669 1987 828 2023 Clodius.
847 1998 888 2021 as
907 1987 1087 2022 indicated
1107 1988 1157 2032 by
1175 1988 1235 2022 the
1254 2000 1318 2024 use
1334 1989 1376 2025 of

163 2030 299 2073 fratris
317 2030 442 2063 below.
1340 2068 1344 2069 ⁷
1360 2050 1377 2069 ,x

170 2086 250 2121 334
