1442 2392
665 127 869 167 CICERO

160 229 212 267 ad
247 236 290 268 te
324 234 533 281 pertinere
568 232 810 278 arbitrabar,
844 232 955 283 quod
988 234 1030 270 in
1064 232 1245 273 Ciliciam
1279 245 1370 284 pto-„-

159 300 381 348 ficiscebar,
417 304 647 340 existimavi
682 315 749 340 me
786 302 839 340 ad
873 307 918 341 te
952 309 1143 354 oportere
1178 304 1370 342 seribere.

157 370 234 417 Tu,
267 372 378 423 quod
412 375 558 424 egeris,
586 372 629 411 id
658 372 779 411 velim
816 373 857 411 di
895 374 1140 425 approbent.
1203 373 1299 420 Sed,
1323 369 1368 428 si

157 455 224 479 me
265 442 421 489 audies,
455 443 602 482 vitabis
638 446 871 483 inimicitias
909 450 953 483 et
989 447 1244 496 posteritatis
1282 446 1368 494 otio

156 512 356 552 consules.

704 651 805 690 XIX

257 765 302 791 Μ.
330 766 495 793 TULLIUS
525 767 571 794 M.
599 767 637 794 1³¹.
664 768 710 794 M.
739 769 780 794 N.
811 769 951 795 CICERO
980 770 1069 795 IMP.
1097 770 1129 795 S.
1158 769 1198 796 D.
1226 769 1261 796 Ο.

389 822 527 847 CAELIO
555 823 589 848 11·
619 823 656 848 F.
686 823 720 848 C.
751 823 791 849 N.
820 823 945 850 CALDO
974 824 1136 854 QUAEST.

388 919 430 953 In
446 921 570 953 castris
587 920 634 954 ad
652 921 859 963 Pyramum,
878 933 985 956 A.u.c.
1004 925 1083 956 704.

202 1012 305 1051 Cum
336 1017 639 1065 optatissimum
670 1019 862 1055 nuntium
893 1019 1155 1068 accepissem,
1186 1022 1230 1057 te
1261 1017 1360 1057 mihi

150 1090 412 1134 quaestorem
456 1086 667 1137 obtigisse,
710 1100 760 1125 eo
801 1087 1083 1127 iucundiorem
1125 1088 1225 1128 mihi
1267 1083 1360 1142 earn

148 1160 301 1193 sortem
315 1157 531 1206 sperabam
545 1156 647 1203 fore,
661 1170 742 1209 quo
756 1158 909 1197 diutius
922 1161 965 1197 in
978 1162 1185 1210 provincia
1196 1172 1358 1199 mecum

147 1223 307 1263 fuisses.
363 1226 508 1278 Magni
527 1230 635 1265 enim
654 1228 871 1267 videbatur
887 1232 1088 1268 interesse
1106 1230 1160 1268 ad
1177 1242 1273 1269 eamv
1286 1229 1358 1269 ne—

147 1296 452 1342 cessitudinem,
490 1311 613 1349 quam
651 1299 767 1337 nobis
797 1313 889 1338 sors
926 1291 1152 1347 tribuisset,
1189 1300 1357 1340 consue-s

147 1366 334 1404 tudinem
364 1380 528 1419 quoque
560 1368 770 1408 accedere.
824 1369 975 1409 Postea
1004 1385 1097 1410 cum
1127 1371 1227 1410 mihi
1256 1371 1356 1414 nihil

146 1449 280 1488 neque
306 1451 331 1475 a
354 1443 399 1476 te
422 1441 525 1489 ipso,
549 1453 685 1491 neque
711 1441 764 1478 ab
788 1441 870 1479 ullo
894 1441 974 1480 alio
998 1441 1050 1480 de
1075 1442 1258 1482 adventu
1282 1448 1355 1482 tuo

144 1508 405 1555 scriberetur,
439 1511 623 1556 verebar,
659 1524 711 1548 ne
754 1514 815 1550 ita
856 1512 1038 1559 caderet,
1073 1512 1184 1565 quod
1227 1515 1354 1552 etiam

145 1592 252 1617 nunc
268 1592 423 1626 vereor,
439 1593 492 1618 ne
508 1587 621 1627 ante,
637 1595 760 1633 quam
777 1588 824 1621 tu
839 1585 881 1620 in
896 1586 1146 1634 provinciam
1160 1587 1354 1633 venisses,

145 1661 223 1700 ego
255 1649 307 1688 de
340 1653 547 1701 provincia
579 1651 837 1691 decederem.
891 1654 1044 1705 Accepi
1077 1660 1219 1693 autem
1252 1669 1277 1693 a
1308 1659 1352 1694 te

144 1722 285 1758 missas
301 1719 461 1760 litteras
477 1724 519 1759 in
537 1721 689 1770 Cilicia,
706 1737 799 1761 cum
817 1737 949 1762 essem
965 1727 1007 1762 in
1024 1727 1180 1771 castris,
1198 1739 1235 1764 a.
1253 1725 1294 1764 d.
1311 1734 1352 1764 κ’.

146 1790 238 1829 Kal.
268 1791 486 1839 Quintiles,
515 1796 685 1844 scriptas
714 1793 1019 1842 humanissime,
1047 1796 1195 1848 quibus
1232 1794 1351 1844 facile

143 1867 186 1899 et
211 1862 385 1900 officium
412 1869 456 1901 et
481 1866 691 1914 ingenium
718 1871 836 1903 tuum
862 1869 1036 1916 perspici
1062 1873 1215 1917 posset.
1267 1866 1350 1906 Sed

142 1945 276 1983 neque
307 1934 430 1979 unde,
459 1947 594 1986 neque
624 1949 705 1987 quo
734 1936 801 1974 die
831 1936 954 1975 datae
985 1943 1137 1983 essent,
1167 1943 1240 1976 aut
1269 1950 1350 2003 quo

141 2007 328 2053 tempore
354 2010 398 2042 te
425 2012 724 2056 exspectarem,
750 2007 1063 2058 significabant·
1053 2036 1063 2054 ,
1104 2021 1180 2046 nec
1206 2010 1254 2055 is,
1280 2010 1348 2060 qui

146 2064 220 2103 160
