1442 2392
663 131 867 170 CICERO

160 248 242 274 non
277 237 337 274 ita
372 234 479 274 ferre
516 249 655 273 casum
691 250 844 281 meum,
880 242 928 275 ut
962 241 1024 282 tu,
1059 235 1132 275 tali
1166 238 1369 288 sapientia

159 290 385 340 praeditus,
405 289 622 328 ferendum
643 296 779 341 putas.
832 290 914 328 Sed
935 293 1141 341 opprimor
1160 291 1369 330 interdum

161 350 205 382 et
232 347 297 382 vix
325 346 470 383 resisto
497 344 639 390 dolori,
666 345 777 396 quod
810 357 860 382 ea
892 358 960 382 me
987 345 1133 383 solatia
1158 345 1369 391 deficiunt,

160 411 266 449 quae
284 401 446 444 ceteris,
464 411 638 449 quorum
655 398 754 436 mihi
772 399 962 450 exempla
977 412 1175 450 propono,
1191 399 1312 438 simili
1326 401 1369 438 in

158 452 325 491 fortuna
353 466 436 490 non
464 452 700 491 defuerunt.
755 452 861 491 Nam
891 459 935 491 et
964 453 1016 501 Q.
1048 453 1271 499 Maximus,
1298 456 1369 505 qui

160 506 288 545 filium
319 506 588 553 consularem,
617 507 772 545 clarum
802 509 946 553 virum,
977 513 1022 546 et
1053 510 1213 560 magnis
1245 508 1369 547 rebus

158 563 301 612 gestis,
323 563 473 607 amisit,
495 567 539 600 et
561 560 609 600 L.
631 560 810 608 Paullus,
832 565 901 613 qui
923 562 1004 600 duo
1025 567 1188 613 septem
1208 561 1368 608 diebus,

160 622 205 653 et
235 621 372 653 vester
404 615 544 654 Gallus
576 621 621 654 et
653 615 715 654 M.
747 615 864 662 Cato,
897 618 966 667 qui
997 629 1157 655 summo
1186 618 1368 668 ingenio,

159 683 319 708 summa
333 672 487 708 virtute
503 669 630 708 filium
644 670 839 721 perdidit,
854 672 901 708 iis
917 671 1170 722 temporibus
1185 669 1369 717 fuerunt,

159 729 208 762 ut
235 737 376 762 eorum
402 723 559 762 luctum
585 727 766 775 ipsorum
794 724 973 776 dignitas
1000 724 1279 764 consolaretur
1305 737 1369 772 ea,

160 791 284 829 quam
319 791 371 816 ex
403 778 614 829 republica
646 779 1018 830 consequebantur.
1073 778 1178 817 Mihi
1212 785 1368 826 autem,

160 835 316 870 amissis
335 835 586 871 ornamentis
603 835 666 879 iis,
685 846 792 884 quae
810 836 898 884 ipse
916 846 1225 880 commemoras,
1243 846 1369 885 quae-

159 900 240 937 que
260 900 372 924 eram
388 889 577 925 maximis
593 886 800 925 laboribus
818 887 1009 938 adeptus,
1026 901 1154 926 unum
1170 888 1368 926 manebat

158 940 259 979 illud
289 940 495 987 solatium,
526 941 638 992 quod
668 947 858 992 ereptum
890 947 968 980 est.
1021 941 1115 980 Non
1145 944 1367 980 amicorum

158 997 350 1046 negotiis,
367 1009 450 1033 non
466 995 714 1046 reipublicae
732 998 1018 1046 procuratione
1035 996 1368 1047 impediebantur

157 1051 430 1100 cogitationes
466 1062 614 1096 meae3
677 1049 774 1089 nihil
808 1053 851 1088 in
883 1049 971 1088 foro
1005 1063 1129 1102 agere
1165 1050 1366 1097 libebat²;

159 1106 341 1154 aspicere
359 1106 512 1142 curiam
530 1117 612 1142 non
627 1110 816 1154 poteram
835 1116 844 1149 ;
878 1105 1180 1151 existimabam,
1196 1104 1240 1143 id
1257 1104 1368 1156 quod

159 1163 263 1203 erat,
278 1171 420 1196 omnes
434 1171 501 1196 me
517 1164 561 1196 et
574 1158 800 1196 industriae
814 1171 934 1196 meae
947 1158 1104 1197 fructus
1119 1164 1164 1198 et
1175 1157 1367 1198 fortunae

157 1212 398 1262 perdidisse.
451 1211 533 1250 Sed
552 1226 646 1251 cum
664 1215 904 1264 cogitarem,
924 1212 1026 1252 haec
1044 1212 1145 1251 mihi
1163 1219 1303 1252 tecum
1323 1219 1367 1252 et

158 1280 252 1304 cum
279 1266 524 1317 quibusdam
553 1279 642 1305 esse
669 1270 914 1313 communia,
942 1273 987 1306 et
1013 1281 1107 1305 cum
1133 1266 1367 1319 frangerem

156 1322 240 1358 iam
259 1323 348 1371 ipse
368 1333 435 1359 me
463 1333 737 1372 cogeremque
762 1321 831 1359 illa
853 1320 961 1359 ferre
982 1321 1222 1368 toleranter,
1242 1321 1367 1360 habe-

158 1374 268 1420 bam,
297 1388 378 1425 quo
404 1374 684 1426 confugerem,
713 1376 781 1413 ubi
810 1378 1156 1427 conquiescerem,
1183 1378 1297 1414 cuius
1323 1378 1366 1414 in

157 1441 346 1467 sermone
381 1434 424 1468 et
457 1431 663 1468 suavitate
696 1442 838 1468 omnes
872 1443 988 1468 curas
1021 1429 1264 1481 doloresque
1296 1430 1367 1469 de-

156 1495 368 1533 ponerem.
422 1483 541 1522 Nunc
554 1489 709 1529 autem,
724 1483 800 1522 hoc
813 1490 901 1522 tam
914 1487 1027 1536 gravi
1043 1483 1224 1530 vulnere,
1239 1486 1366 1523 etiam

155 1536 239 1584 illa,
257 1550 364 1589 quae
381 1540 640 1576 consanuisse
658 1538 917 1584 videbantur,
934 1538 1240 1577 recrudescunt.
1274 1538 1367 1577 Non

443 1641 457 1661 ¹
484 1639 621 1683 Oaeford
637 1644 731 1674 text:
762 1640 879 1674 Nobbe
894 1640 1034 1675 licebat.

207 1780 222 1795 ‘¹
246 1774 291 1815 Q.
322 1774 455 1808 Fabius
487 1775 669 1808 Maximus
698 1774 904 1808 Cunctator.
954 1775 1021 1808 His
1050 1786 1114 1809 son
1143 1787 1215 1809 was
1239 1776 1364 1811 consul

161 1818 249 1852 with
264 1817 427 1851 Tiberius
445 1817 677 1860 Sempronius
695 1818 879 1852 Gracchus
895 1820 932 1852 in
948 1820 1017 1852 213
1033 1830 1099 1853 ac.

208 1862 222 1882 ⁶
245 1860 321 1895 Son
346 1860 387 1894 of
408 1861 469 1894 the
493 1861 639 1894 Paullus
662 1862 743 1894 who
765 1861 827 1895 fell
849 1865 887 1895 at
912 1861 1070 1895 Cannae.
1119 1862 1176 1896 He
1199 1862 1364 1897 defeated

163 1905 311 1938 Perseus
327 1907 365 1937 at
382 1904 511 1946 Pydna
527 1906 564 1938 in
585 1907 660 1938 168.
708 1904 823 1939 These
839 1908 910 1938 two
927 1916 1010 1939 sons
1027 1905 1068 1939 of
1081 1905 1136 1940 his
1153 1905 1236 1940 died
1252 1906 1365 1941 about

161 1948 222 1981 the
238 1949 324 1981 time
340 1947 381 1981 of
393 1947 448 1981 his
464 1950 572 1981 trium
600 1948 636 1981 h.

211 1994 223 2010 ⁰
249 1990 289 2024 C.
307 1990 487 2034 Sulpicius
504 1959 643 2031 Gallus,
655 1991 736 2024 who
748 1991 872 2025 served
884 1991 998 2025 under
1009 1991 1051 2025 L.
1067 1992 1211 2026 Paullus
1221 1994 1364 2035 against

163 2033 324 2072 Perseus,
341 2033 414 2067 and
430 2045 503 2068 was
518 2034 643 2068 consul
660 2036 695 2067 in
717 2037 791 2068 166.

164 2087 240 2124 278
