1442 2392
699 141 903 182 CICERO

201 252 266 285 est
294 246 412 292 filius,
442 251 487 285 et
514 248 611 297 quia
639 259 711 284 nos
741 246 875 297 diligit
903 259 1148 300 semperque
1177 246 1338 294 dilexit,
1357 248 1407 317 in

200 303 339 354 primis
359 314 545 339 amamus
562 314 784 353 carumque
804 301 1063 340 habemus..

780 538 884 577 VIII

428 654 476 681 Μ.
502 654 542 681 Τ.
569 656 604 681 e.
632 655 665 681 s.
693 656 734 681 n.
762 655 800 681 P.
827 655 1006 681 LENTULO
1034 642 1195 684 Phocus·

660 747 808 786 Romae,
825 758 934 781 A.u.c.
951 749 1028 780 699.

165 851 182 879 1
256 841 321 879 De
360 841 547 880 omnibus
579 842 716 886 rebus,
750 854 856 892 quae
890 841 944 879 ad
975 847 1019 879 te
1051 843 1276 892 pertinent,
1310 840 1408 893 quid

203 902 356 941 actum,
392 895 491 947 quid
525 898 796 934 constitutum
832 898 900 941 sit,
936 895 1034 947 quid
1070 895 1288 947 Pompeius
1323 908 1409 934 sus-

202 952 373 1000 ceperit,
398 953 554 1001 optime
580 962 632 988 ex
658 950 720 988 M.
747 949 950 988 Plaetorio
974 963 1208 1002 cognosces,
1232 952 1303 1002 qui
1326 955 1408 989 non

203 1004 332 1042 solum
351 1003 540 1043 interfuit
557 1004 620 1042 his
637 1005 774 1050 rebus,
794 1004 867 1042 sed
886 1007 1013 1043 etiam
1030 1003 1211 1056 praefuit
1227 1017 1238 1051 3
1272 1007 1410 1056 neque

202 1058 329 1097 ullum
342 1059 517 1096 officium
530 1071 628 1110 erga
640 1064 684 1097 te
696 1058 870 1097 hominis
883 1061 1165 1105 amantissimi,
1176 1058 1410 1110 prudentis-

202 1115 306 1158 simi,
327 1113 628 1164 diligentissimi
648 1115 939 1164 praetermisit.
993 1113 1057 1151 Ex
1078 1113 1225 1152 eodem
1244 1112 1297 1152 de
1317 1117 1409 1152 toto

202 1173 317 1206 statu
355 1181 493 1206 rerum
532 1170 808 1206 communium
847 1181 1080 1219 cognosces,
1120 1180 1227 1219 quae
1266 1167 1409 1219 quales

202 1224 298 1267 sint,
323 1235 406 1260 non
429 1220 548 1259 facile
574 1227 639 1260 est
662 1223 853 1260 scribere.
907 1221 1011 1260 Sunt
1036 1222 1203 1273 quidem
1227 1227 1340 1260 certe
1363 1223 1407 1260 -in

202 1279 424 1314 amicorum
445 1282 676 1314 nostrorum
696 1282 921 1327 potestate,
943 1281 1070 1328 atque
1091 1279 1165 1322 ita,
1186 1281 1234 1314 ut
1254 1275 1407 1314 nullam

201 1333 476 1368 mutationem
499 1344 696 1382 umquam
718 1330 795 1369 hac
818 1330 1028 1369 hominum
1052 1336 1193 1369 aetate
1215 1329 1408 1369 habitura

161 1389 182 1422 2
201 1398 266 1422 res
301 1397 390 1423 esse
423 1385 625 1423 videatur.
680 1384 771 1437 Ego
804 1385 985 1436 quidem,
1018 1390 1066 1424 ut
1102 1384 1249 1430 debeo,
1283 1389 1328 1423 et
1358 1388 1408 1423 ut

201 1444 293 1477 tute
322 1438 421 1476 mihi
449 1441 708 1503 praecepisti,
740 1445 786 1478 et
817 1445 865 1478 ut
891 1452 959 1478 me
989 1439 1141 1490 pietasl
1167 1438 1406 1504 utilitasque

201 1495 326 1544 cogit,
344 1506 412 1531 me
433 1493 485 1531 ad
508 1496 594 1531 eius
615 1496 794 1532 rationes
817 1493 1009 1545 adiungo,
1031 1506 1155 1545 quem
1174 1499 1222 1532 tu
1240 1495 1283 1531 in
1303 1495 1406 1532 meis

201 1548 427 1586 rationibus
457 1548 534 1586 tibi
566 1561 655 1586 esse
688 1547 995 1599 adiungendum
1025 1550 1196 1599 putasti.
1249 1546 1331 1586 Sed
1361 1552 1406 1586 te

201 1615 284 1640 non
301 1604 516 1653 praeterit,
535 1615 659 1653 quam
678 1604 731 1640 sit
749 1602 923 1648 difficile,
941 1615 1106 1640 sensum
1123 1604 1167 1640 in
1183 1601 1407 1652 republica,

200 1659 443 1707 praesertim
452 1662 613 1694 rectum
624 1662 668 1695 et
678 1657 977 1702 confirmatum,
987 1656 1208 1707 deponere.
1236 1655 1407 1694 Veruma

201 1716 343 1748 tamen
366 1713 453 1761 ipse
476 1723 543 1748 me
567 1710 774 1749 conformo
798 1711 852 1749 ad
875 1713 960 1749 eius
983 1710 1254 1756 voluntatem,
1277 1723 1302 1748 a
1325 1722 1407 1762 quo

201 1764 374 1803 honeste
401 1765 616 1803 dissentire
644 1779 726 1803 non
750 1778 944 1816 possum3
984 1778 1119 1816 neque
1145 1765 1188 1803 id
1213 1763 1333 1810 facio,
1358 1769 1407 1802 ut

201 1818 372 1857 forsitan
414 1819 658 1870 quibusdam
700 1819 854 1865 videar,
897 1819 1154 1857 simulatione
1173 1832 1183 1865 ;
1240 1824 1406 1857 tantum

450 1920 464 1942 ¹
491 1918 538 1952 So
556 1918 695 1961 Tyrrell
710 1932 718 1951 ι
746 1928 837 1951 some
850 1917 973 1960 prefer
988 1917 1157 1959 dignitas.

480 2055 497 2072 ⁰
520 2051 692 2093 Pompey,
711 2049 855 2089 Caesar,
873 2049 945 2083 and
962 2050 1126 2084 Crassus.

204 2107 256 2141 40
