1442 2392
659 113 863 153 CICERO

155 219 244 269 ipse
258 218 466 256 annalium
479 218 740 256 mediocriter
754 231 826 256 nos
839 220 1008 264 retinet,
1021 219 1138 269 quasi
1150 224 1364 256 enumera*-

157 300 270 336 tione
297 296 511 336 fastorum.
565 298 623 336 At
650 300 723 336 viri
749 310 873 348 saepe
900 296 1140 336 excellentis
1166 298 1365 348 ancipites

159 379 340 428 variique
354 390 470 415 casus
484 376 642 415 habent
656 376 984 422 admirationem,
998 378 1366 427 exspectationem,

107 494 110 496 ,
157 454 374 502 laetitiam,
397 455 643 502 molestiam,
666 469 796 507 spem,
819 458 1038 502 timorem3
1075 457 1109 494 si
1131 467 1228 493 vero
1250 439 1366 493 exitu

158 534 330 572 notabili
351 535 663 581 concluduntur,
685 534 877 586 expletur
898 537 1057 573 animus
1078 533 1367 573 iucundissima

158 612 343 652 lectionis
369 613 597 665 voluptate.
651 613 744 662 Quo
769 613 868 651 mihi
894 613 1088 652 acciderit
1113 607 1367 664 optatiusstsi

159 694 202 729 in
215 691 291 731 hac
305 696 513 731 sententia
526 692 666 739 fueris,
680 698 728 731 ut
742 706 767 730 a
779 692 1085 731 continentibus
1099 694 1182 730 tuis
1194 693 1368 742 scriptis,

158 772 202 809 in
218 772 365 822 quibus
383 777 630 823 perpetuam
648 785 784 810 rerum
801 777 1012 823 gestarum
1031 770 1242 810 historiam
1255 780 1369 809 com-

159 849 365 901 plecteris,
391 864 579 889 secernas
604 850 710 889 hanc
736 853 851 902 quasi
876 849 1060 888 fabulam
1083 863 1221 888 rerum
1246 861 1369 888 even-

159 935 379 981 torumque
390 936 621 969 nostrorum
635 944 645 977 3
668 930 797 968 habet
809 932 919 968 enim
930 932 1060 968 varios
1073 935 1188 968 actus
1198 928 1368 967 multas-

159 1022 241 1061 que
270 1012 451 1049 actiones
480 1016 525 1049 et
551 1010 808 1048 consiliorum
833 1015 878 1049 et
900 1015 1148 1061 temporum.
1200 1008 1262 1047 Ac
1283 1021 1366 1058 mn

159 1101 316 1135 vereor,
344 1102 397 1127 ne
428 1089 777 1128 assentatiuncula
805 1088 984 1140 quadam
1021 1090 1215 1139 aucupari
1249 1093 1366 1126 tuam

159 1171 336 1219 gratiam
360 1168 513 1214 videar,
532 1182 626 1206 cum
653 1167 730 1206 hoc
758 1167 1052 1214 demonstrem,
1074 1180 1143 1205 me
1171 1167 1196 1205 a
1223 1171 1268 1206 te
1295 1178 1367 1218 po·

159 1249 361 1284 tissimum
381 1249 515 1285 ornari
529 1246 808 1298 celebrarique
824 1246 942 1285 velle.
986 1245 1132 1297 Neque
1147 1247 1257 1284 enim
1269 1250 1319 1284 tu
1332 1247 1366 1283 is

159 1338 218 1372 es,
238 1329 322 1377 qui,
338 1325 436 1377 quid
456 1328 522 1372 sis,
542 1328 713 1372 nescias,
733 1331 777 1364 et
794 1328 864 1377 qui
884 1337 966 1364 non
986 1338 1055 1364 eos
1074 1327 1219 1377 magis,
1234 1326 1304 1376 qui
1321 1329 1366 1363 te

159 1418 242 1443 non
279 1405 546 1451 admirentur,
582 1405 753 1451 invidos,
791 1418 916 1457 quam
953 1418 1038 1451 eos,
1075 1407 1145 1456 qui
1180 1404 1366 1450 laudent,

158 1490 435 1523 assentatores
464 1485 690 1531 arbitrere3
733 1497 869 1535 neque
899 1489 1040 1522 autem
1074 1496 1152 1536 ego
1184 1497 1275 1522 sum
1305 1485 1366 1522 ita

159 1563 344 1610 demens,
372 1569 421 1603 ut
448 1577 515 1602 me
544 1566 821 1614 sempiternae
849 1563 1003 1615 gloriae
1031 1576 1107 1614 per
1135 1574 1230 1601 eum
1257 1575 1366 1601 com—

159 1643 345 1681 mendari
365 1643 500 1689 velim,
523 1646 591 1694 qui
613 1656 695 1680 non
715 1645 803 1694 ipse
825 1655 989 1694 quoque
1009 1645 1052 1680 in
1072 1655 1140 1680 me
1160 1654 1366 1697 commen-

160 1723 295 1761 dando
313 1726 517 1774 propriam
535 1725 675 1774 ingeni
691 1722 863 1774 gloriam
880 1727 1169 1773 consequatur.
1219 1721 1364 1773 Neque

160 1805 270 1840 enim
296 1802 534 1840 Alexander
558 1801 626 1840 ille
652 1805 812 1853 gratiae
839 1815 962 1840 causa
988 1801 1041 1840 ab
1067 1800 1365 1853 Apellepotis-

159 1884 306 1919 simum
332 1884 446 1933 pingi
472 1887 516 1919 et
542 1894 567 1919 a
593 1881 773 1933 Lysippo
800 1880 898 1932 fingi
924 1880 1118 1926 volebat;
1156 1880 1230 1919 sed
1254 1878 1365 1932 quod

1251 1963 1360 1975 -——·

208 2022 224 2038 ⁰
247 2018 299 2052 Or
317 2022 409 2051 “are
423 2018 587 2051 crowned
605 2017 690 2050 with
702 2028 724 2050 a
739 2017 896 2059 glorious
913 2016 1060 2050 death.”
1105 2015 1362 2059 Shuckburgh.

164 2083 241 2119 372
