1442 2392
662 149 866 189 CICERO

159 264 203 297 te
235 260 392 296 visurus
423 259 514 302 sim,
546 258 622 294 nisi
655 254 708 292 ad
739 267 806 292 me
838 255 1059 303 scripseris,
1090 266 1144 292 ne
1174 255 1369 305 suspicari

111 334 133 368 6
160 329 327 381 quidem
345 341 525 379 possum.
579 325 683 377 Ego,
701 330 749 363 ut
771 337 838 362 me
862 324 938 362 tibi
967 325 1255 362 amicissimum
1280 337 1369 363 esse

160 405 205 438 et
222 401 343 450 aequi
362 403 407 436 et
423 399 552 448 iniqui
569 395 830 446 intellegant,
848 394 1014 432 curabo.
1068 393 1133 432 De
1151 399 1225 432 tuo
1242 396 1285 432 in
1301 406 1370 433 me

159 473 295 508 animo
318 471 467 520 iniquis
491 480 607 506 secus
631 465 894 504 existimandi
917 464 1065 503 videris
1089 463 1271 502 nonnihil
1293 464 1369 504 loci

159 541 335 579 dedisse.
391 539 440 577 Id
470 540 503 576 si
534 539 772 582 correxeris,
803 535 902 573 mihi
933 534 1051 573 valde
1081 540 1247 586 gratum
1278 538 1370 575 erit.

158 611 228 657 Et,
258 616 306 649 ut
335 610 488 648 habere
517 611 720 646 rationem
749 609 892 657 possis,
922 619 1003 657 quo
1039 605 1128 643 loco
1160 619 1228 644 me
1259 605 1372 647 salva

157 683 250 734 lege
291 680 480 720 Cornelia
518 681 750 724 convenias,
791 691 868 728 ego
906 679 950 715 in
988 679 1238 727 provinciam
1277 680 1370 716 veni

158 753 288 804 pridie
316 751 408 790 Kal.
433 751 548 789 Sext.
567 762 577 795 ;
614 752 695 787 iter
716 751 758 786 in
782 748 964 786 Ciliciam
987 746 1092 785 facio
1114 760 1189 798 per
1211 747 1370 799 Cappa-

157 824 315 862 dociam
335 835 345 868 ;
376 827 511 860 castra
527 823 634 859 movi
652 820 704 858 ab
722 819 860 858 Iconio
876 818 1007 869 pridie
1027 817 1235 856 Kalendas
1252 818 1368 870 Sept.

157 895 275 933 Nunc
292 900 338 931 tu
356 899 400 931 et
417 906 469 931 ex
485 892 645 937 diebus,
661 896 706 929 et
722 903 774 928 ex
789 892 950 928 ratione
965 891 1138 934 itineris,
1154 891 1187 927 si
1203 890 1368 940 putabis

156 979 223 1003 me
247 977 335 1002 esse
358 962 699 1007 conveniendum,
721 963 962 1006 constitues,
984 973 1066 1012 quo
1087 959 1175 998 loeo
1196 959 1241 998 id
1261 973 1368 998 com-

155 1035 390 1074 modissime
409 1033 497 1072 fieri
514 1035 657 1084 possit,
677 1037 721 1070 et
739 1045 820 1083 quo
839 1031 921 1070 die.

720 1223 801 1261 VII

427 1342 474 1368 M.
501 1341 540 1368 T.
568 1342 602 1367 c.
631 1341 663 1366 s.
692 1341 732 1366 D.
759 1340 879 1365 APPIO
906 1338 1091 1365 runcano

545 1431 755 1469 Laodiceae,
773 1441 881 1464 A.u.c.
900 1432 978 1463 704.

107 1521 123 1553 l
207 1511 393 1550 Pluribus
412 1510 545 1549 verbis
565 1509 618 1547 ad
637 1515 680 1547 te
700 1509 887 1553 scribam,
906 1521 999 1545 cum
1018 1507 1109 1558 plus
1127 1508 1201 1545 otii
1220 1512 1365 1546 nactus

154 1597 237 1620 ero.
292 1581 408 1619 Haec
426 1583 566 1631 scripsi
584 1580 735 1625 subito,
753 1592 847 1617 cum
865 1578 979 1616 Bruti
998 1580 1116 1628 pueri
1135 1576 1364 1617 Laodiceae

152 1666 220 1691 me
247 1654 535 1691 convenissent
562 1656 606 1689 et
632 1663 676 1688 se
704 1649 876 1688 Romam
903 1661 1123 1699 properare
1149 1647 1363 1688 dixissent.

154 1723 303 1774 Itaque
327 1722 458 1760 nullas
482 1724 544 1767 iis,
568 1726 860 1772 praeterquam
885 1719 938 1757 ad
962 1725 1005 1757 te
1030 1724 1075 1757 et
1098 1718 1152 1756 ad
1175 1717 1362 1765 Brutum,

104 1799 125 1831 2
153 1793 249 1831 dedi
281 1793 456 1831 litteras.
511 1791 661 1843 Legati
694 1791 873 1841 Appiani
905 1788 1005 1827 mihi
1038 1788 1228 1827 volumen
1262 1801 1286 1826 a
1317 1793 1365 1827 te'

153 1864 321 1914 plenum
366 1862 559 1914 querelae
603 1864 880 1912 iniquissimae
925 1859 1208 1904 reddiderunt,
1253 1858 1363 1910 quod

493 2007 510 2024 ‘²
533 2002 600 2037 See
617 2006 699 2036 note
715 2015 737 2036 a
753 2014 799 2036 on
818 2014 911 2046 page
932 2006 1007 2039 184.

534 2050 547 2070 θ
573 2051 604 2083 Α
622 2053 717 2082 town
736 2050 771 2081 in
791 2047 960 2091 Phrygia.

170 2100 242 2134 188
