1442 2392
707 122 909 162 CICERO
1121 120 1126 128 '
1252 123 1253 126 ’
1302 116 1331 152 (³

202 229 340 275 rebus,
363 242 464 280 quas
485 230 720 267 coniectura
740 230 935 280 consequi
956 241 1185 279 possumus,
1206 240 1290 268 non
1308 223 1408 273 mihi

204 322 334 354 sumo,
354 314 402 347 ut
420 308 511 359 plus
530 311 618 359 ipse
637 310 895 359 prospiciam,
912 321 1040 363 *quam
1058 313 1104 347 te
1122 293 1266 349 videre
1281 292 1408 365 atque

203 388 435 441 intelligere
459 388 558 427 mihi
582 390 882 439 persuaserim3
922 387 997 426 sed
1019 393 1176 435 tamen,
1201 390 1298 440 quia
1320 387 1407 428 fieri

203 473 357 520 potest,
370 474 419 506 ut
431 474 478 506 tu
493 481 543 506 ea
554 468 858 519 perturbatiore
872 470 1007 506 animo
1021 470 1191 520 cogites,
1203 455 1408 524 putoeslse

203 561 356 594 meum,
386 547 485 599 quid
513 550 703 593 sentiam,
733 560 953 598 exponere.
1008 547 1070 585 Ea
1097 552 1246 586 natura
1272 540 1409 587 rerum

204 632 282 672 est,
302 632 345 665 et
362 630 395 665 is
413 632 647 678 temporum
665 640 818 672 cursus,
836 631 884 664 ut
901 640 983 665 non
999 628 1129 678 possit
1146 628 1227 666 ista
1243 619 1317 666 aut
1333 619 1409 690 tibi

203 712 276 745 aut
287 709 435 745 ceteris
446 705 613 744 fortuna
626 719 715 744 esse
727 707 1079 757 diuturna,neque
1085 705 1256 745 haerere
1267 709 1310 744 in
1318 712 1409 746 tam

202 786 311 824 bona
326 799 448 824 causa
465 791 508 824 et
522 788 565 823 in
580 791 668 825 tam
682 786 799 824 bonis
815 786 968 824 civibus
983 791 1072 823 tam
1087 786 1236 824 acerba
1250 783 1408 825 iniuria.

164 870 185 903 3
204 865 342 914 Quare
363 865 416 903 ad
437 878 528 903 eam
548 878 678 916 spem,
698 878 823 916 quam
844 870 963 903 extra
982 864 1167 903 ordinem
1185 864 1239 904 de
1258 870 1303 903 te
1320 868 1408 917 ipso

201 945 415 990 habemus,
436 958 518 983 non
539 944 669 983 solum
689 950 859 995 propter
879 944 1128 995 dignitatem
1149 949 1193 983 et
1212 947 1408 984 virtutem

203 1030 319 1063 tuam
336 1024 454 1076 (haec
474 1027 583 1062 enim
600 1029 843 1062 ornamenta
860 1029 956 1062 sunt
973 1024 1049 1062 tibi
1068 1026 1195 1062 etiam
1211 1037 1305 1062 cum
1321 1024 1408 1064 aliis

201 1103 463 1156 communia),
484 1103 686 1142 accedunt
706 1109 780 1142 tua
793 1105 1015 1155 praecipua
1027 1108 1198 1155 propter
1214 1106 1409 1144 eximium

202 1186 413 1236 ingenium
436 1197 720 1235 summamque
747 1181 1008 1236 [virtutem],1
1037 1185 1116 1228 cui,
1142 1182 1408 1231 mehercules,

202 1263 280 1309 hie,
293 1266 406 1301 cuius
418 1266 460 1300 in
471 1267 682 1314 potestate
696 1276 848 1308 sumus,
861 1262 1038 1300 multum
1049 1262 1208 1301 tribuit.
1236 1271 1238 1273 ’
1260 1262 1408 1315 Itaque

202 1357 255 1382 ne
264 1348 465 1394 punctum
472 1342 639 1394 quidem
645 1345 842 1393 temporis
852 1344 894 1380 in
903 1344 983 1380 ista
992 1341 1158 1380 fortuna
1166 1340 1408 1389 fuissesmisi

204 1436 252 1461 eo
265 1425 352 1473 ipso
365 1423 473 1461 bono
486 1427 573 1468 tuo,
587 1435 668 1473 quo
681 1421 926 1467 delectatur,
940 1434 984 1460 se
997 1421 1194 1460 violatum
1205 1427 1407 1473 putasset.

203 1502 325 1550 Quod
343 1504 477 1553 ipsum
494 1501 646 1540 lenitur
665 1500 849 1553 quotidie
869 1500 1203 1552 significaturque
1221 1501 1338 1540 nobis
1354 1486 1408 1553 ab

202 1584 264 1628 iis,
277 1584 347 1633 qui
359 1580 478 1619 simul
490 1594 584 1619 cum
597 1594 646 1620 eo
657 1583 814 1626 vivunt,
826 1581 903 1618 tibi
915 1580 1020 1618 hanc
1032 1582 1163 1632 ipsam
1175 1582 1408 1632 opinionem

162 1667 184 1699 4
202 1663 341 1712 ingeni
384 1660 495 1711 apud
536 1662 670 1711 ipsum
711 1659 932 1711 plurimum
972 1658 1243 1710 profuturam.
1298 1652 1408 1711 Qua—

201 1745 370 1791 propter
385 1742 563 1791 primum
578 1738 644 1777 fac
661 1741 796 1777 animo
811 1737 909 1777 sorti
925 1743 1053 1790 atque
1069 1751 1220 1790 magno
1235 1741 1289 1777 sis
1306 1752 1317 1785 ;
1346 1741 1407 1778 ita

203 1821 312 1858 enim
343 1824 479 1864 natus,
509 1821 569 1856 ita
601 1818 813 1864 educatus,
844 1820 904 1855 ita
932 1817 1076 1856 doctus
1106 1830 1164 1863 es,
1191 1819 1252 1855 ita
1281 1806 1406 1860 etiarn

200 1900 402 1950 cognitus,
421 1902 469 1935 ut
486 1897 562 1935 tibi
579 1897 623 1936 id
639 1896 874 1935 faciendum
891 1899 945 1934 sit
963 1909 972 1934 z
1005 1895 1156 1935 deinde
1173 1909 1290 1947 spem
1307 1909 1406 1948 quo*

249 1992 261 2011 ²
285 1992 319 2024 It
348 1993 379 2025 is
408 1992 598 2025 incredible
627 1992 702 2025 that
734 1990 854 2024 Cicero
881 1991 986 2024 could
1014 1991 1100 2024 have
1126 1990 1208 2037 filma
1243 1971 1405 2031 repeated

197 2034 349 2079 himself.
402 2036 507 2070 There
524 2048 584 2070 are
602 2038 746 2071 various
763 2037 988 2079 conjectures.

194 2092 275 2126 450
