1442 2392
714 144 917 184 CICERO

213 244 282 283 illa
307 247 488 298 quidem,
514 261 621 299 quae
641 251 827 300 requiris,
847 262 967 287 suum
987 254 1143 288 statum
1162 254 1326 297 tenent,
1344 262 1420 289 nec

214 316 372 363 melius,
394 321 427 356 si
448 324 496 357 tu
516 319 696 365 adesses,
718 325 926 366 tenerent,
948 334 1023 358 nee
1046 326 1142 359 sunt
1163 321 1245 359 ullo
1266 323 1309 359 in
1328 334 1420 373 pro-

214 390 302 438 prio
329 389 522 439 periculo.
578 390 664 428 Nec
691 390 818 428 debes
847 396 908 436 tu,
937 404 1030 429 cum
1058 391 1111 430 de
1139 394 1221 430 tuis
1249 394 1420 444 cogitas,

214 464 288 497 aut
302 463 565 511 praecipuam
582 461 760 512 aliquam
775 461 984 500 fortunam
999 462 1206 513 postulare
1223 468 1298 502 aut
1312 476 1420 502 com—

176 534 196 566 2
214 543 382 568 munem
404 545 606 570 recusare.
662 532 727 570 De
751 538 795 571 te
820 538 961 571 autem
985 536 1087 584 ipso,
1109 533 1331 588 Torquate,
1356 540 1420 573 est

214 606 347 647 tuum,
363 604 418 639 sic
435 605 594 653 agitare
611 605 760 650 animo,
778 609 825 642 ut
840 617 923 642 non
938 604 1135 643 adhibeas
1151 606 1193 648 in
1209 589 1420 643 consilium

214 675 510 724 cogitationum
544 679 709 712 tuarum
743 674 1075 725 desperationem
1109 681 1182 714 aut
1216 678 1419 715 timorem.

215 743 301 781 Nec
324 746 433 781 enim
454 747 501 790 is,
524 747 593 796 qui
615 747 656 782 in
678 750 722 783 te
744 745 878 783 adhuc
899 748 1099 792 iniustior,
1122 759 1246 798 quam
1268 751 1341 785 tua
1361 746 1419 786 di-

213 816 348 865 gnitas
368 815 619 865 postulabat,
638 815 732 861 fuit,
753 830 834 854 non
854 830 1005 868 magna
1024 819 1141 868 signa
1160 817 1276 856 dedit
1296 819 1419 856 animi

214 898 312 936 erga
330 891 374 923 te
393 889 585 937 mitigati.
640 886 727 924 Nee
746 892 887 925 tamen
906 890 939 925 is
957 890 1060 938 ipse,
1079 901 1104 926 a
1122 901 1204 940 quo
1222 888 1330 927 salus
1346 902 1418 940 pe-

211 958 328 1002 titur,
341 956 469 995 habet
483 957 730 1008 explicatam
744 964 817 996 aut
830 958 1087 1009 exploratam
1098 961 1302 998 rationem
1314 959 1416 998 salu-

211 1029 264 1065 tis
292 1041 404 1066 suae.
459 1027 646 1079 Cumque
673 1032 855 1067 omnium
882 1029 1083 1068 bellorum
1110 1033 1246 1068 exitus
1272 1033 1417 1090 inqepti

211 1100 306 1144 sint,
321 1099 374 1137 ab
389 1099 521 1137 altera
535 1102 704 1138 victoria
719 1101 795 1138 tibi
810 1101 1036 1151 periculum
1051 1100 1210 1140 nullum
1223 1089 1313 1140 esse
1325 1086 1417 1153 per*—

210 1172 348 1220 spicio,
371 1170 482 1221 quod
503 1170 670 1222 quidem
692 1173 924 1209 seiunctum
945 1174 999 1210 sit
1012 1172 1066 1210 ab
1081 1175 1264 1210 omnium
1277 1175 1417 1212 interi-

207 1244 283 1286 tu;
314 1241 368 1279 ab
385 1240 516 1279 altera
533 1246 576 1279 te
594 1244 728 1293 ipsum
744 1256 971 1294 numquam
986 1244 1172 1282 timuisse
1189 1248 1302 1282 certo
1319 1235 1414 1283 scio.

169 1317 189 1349 3
208 1311 427 1362 Reliquum
444 1317 521 1358 est,
538 1318 586 1351 ut
601 1318 645 1351 te
660 1313 729 1351 id
718 1326 867 1364 1psum,
883 1314 994 1365 quod
1010 1327 1088 1365 ego
1104 1317 1220 1366 quasi
1233 1298 1415 1363 consola-

207 1385 329 1420 tionis
354 1383 442 1421 loco
466 1396 589 1434 pono,
615 1387 794 1422 maxime
821 1387 1043 1430 excruciet,
1068 1398 1286 1424 commune
1308 1388 1414 1437 peri-

206 1453 342 1491 culum
368 1454 645 1505 reipublicae3
685 1457 798 1493 cuius
825 1458 932 1494 tanti
957 1455 1068 1501 mali,
1093 1458 1279 1508 quamvis
1304 1454 1412 1496 docti

204 1527 278 1562 viri
300 1524 432 1562 multa
453 1524 606 1571 dicant,
628 1531 771 1564 tamen
793 1540 949 1572 vereor,
970 1540 1024 1565 ne
1051 1526 1275 1566 consolatio
1304 1515 1413 1578 nulla

203 1598 332 1646 possit
361 1609 458 1633 vera
486 1598 668 1647 reperiri,
698 1602 864 1648 praeter
893 1597 1018 1644 illam,
1048 1610 1156 1649 quae
1186 1603 1306 1637 tanta
1333 1604 1412 1645 est,

204 1671 405 1718 quantum
425 1669 468 1704 in
488 1669 685 1718 cuiusque
706 1670 842 1706 animo
862 1668 1016 1706 roboris
1038 1673 1103 1707 est
1122 1673 1250 1720 atque
1270 1681 1411 1708 nervo*

201 1750 306 1775 rum.
360 1736 402 1776 Si
423 1740 532 1776 enim
551 1738 659 1776 bene
679 1740 833 1777 sentire
853 1744 1050 1790 recteque
1070 1738 1207 1778 facere
1227 1741 1331 1794 satis·
1347 1745 1411 1798 est

203 1808 257 1846 ad
276 1808 384 1846 bene
405 1809 614 1860 beateque
634 1809 869 1855 vivendum,
889 1823 1047 1855 vereor,
1068 1823 1123 1848 ne
1144 1823 1254 1856 eum,
1274 1813 1347 1862 qui
1362 1822 1410 1852 se

249 1907 264 1923 ⁰
290 1903 382 1936 Both
413 1903 496 1937 here
524 1903 597 1937 and
631 1905 668 1937 in
698 1903 759 1938 the
789 1907 873 1938 next
901 1907 1067 1938 sentence
1097 1904 1196 1939 “the
1225 1903 1350 1939 man”
1378 1906 1409 1940 is

208 1945 360 2029 czeSiaJ„
373 2001 420 2024 on
432 1990 494 2024 the
505 1990 582 2024 side
593 1990 635 2024 of
643 1990 704 2025 the
710 1990 938 2034 Pompeiam,
949 1991 1029 2025 who
1037 1990 1207 2027 hadbeen
1217 1993 1408 2035 νίαΐοῐίοιιε

206 2033 243 2066 in
260 2033 384 2075 Spain.

206 2097 282 2132 428
