1442 2392
690 160 894 199 CICERO

187 281 281 306 cum
314 269 362 306 iis
394 266 558 313 litteris,
592 280 693 318 quas
728 279 806 317 ego
840 265 996 304 Romae
1029 278 1296 317 acceperam;
1344 276 1395 302 ex

189 325 336 375 quibus
371 326 629 374 perspexisse
666 322 765 360 mihi
802 323 984 369 videbar,
1021 335 1145 374 quam
1181 321 1398 360 festinares

188 381 405 420 decedere.
459 380 667 431 Respondi
696 379 851 425 Clodio,
879 393 946 418 me
973 382 1034 418 ita
1061 392 1151 418 esse
1178 378 1398 425 facturum,

190 453 237 477 ac
277 438 408 476 multo
450 437 617 489 quidem
658 437 867 483 libentius,
909 450 1033 488 quam
1074 439 1107 475 si
1147 435 1249 474 illud
1289 441 1399 474 esset

189 495 439 541 faciendum,
474 495 586 546 quod
619 497 886 545 promiseram
921 493 1117 532 Phaniae.
1171 493 1321 544 Itaque
1353 497 1399 532 et

189 552 402 590 consilium
420 555 592 597 mutavi,
612 557 656 590 et
676 551 729 589 ad
747 557 791 589 te
811 554 954 590 statim
972 564 1067 589 mea
1085 564 1210 589 manu
1228 553 1399 602 scriptas

189 609 350 648 litteras
387 611 492 655 misi,
518 622 619 660 quas
645 608 813 660 quidem
839 622 891 646 ex
928 611 1010 647 tuis
1041 607 1191 647 litteris
1214 607 1399 647 intellexi

142 672 164 706 3
191 670 290 705 satis
307 671 469 704 mature
489 666 542 704 ad
559 672 602 704 te
622 679 711 704 esse
727 665 923 716 perlatas.
976 664 1067 703 Hoc
1084 678 1163 716 ego
1179 678 1274 704 meo
1290 663 1400 704 facto

191 724 310 762 valde
346 723 543 761 delector.
597 722 708 760 Nihil
742 725 852 760 enim
886 724 1025 773 potuit
1059 722 1147 760 fieri
1181 725 1400 761 amantius,

193 781 416 819 Considera
443 794 552 818 nunc
579 782 753 818 vicissim
776 785 910 818 tuum.
964 779 1057 818 Non
1082 779 1205 819 modo
1229 780 1286 818 ibi
1318 792 1400 818 non

191 838 320 884 fuisti,
349 838 419 876 ubi
447 850 514 875 me
543 850 668 888 quam
695 839 874 887 primum
901 835 1040 874 videre
1067 849 1223 887 posses,
1250 834 1325 875 sed
1351 849 1401 875 eo

192 896 428 940 discessisti,
456 908 538 945 quo
566 907 644 945 ego
672 900 716 932 te
745 907 797 931 ne
825 896 1017 944 persequi
1045 893 1213 944 quidem
1238 906 1402 945 possem

191 955 366 1004 triginta
397 952 558 997 diebus,
592 954 662 1002 qui
695 952 771 989 tibi
806 951 859 989 ad
892 950 1178 989 decedendum
1210 951 1304 1002 lege
1334 950 1402 1004 (ut

192 1010 353 1062 opinor)
382 1009 571 1047 Cornelia
598 1012 813 1047 constituti
842 1014 995 1054 essent,
1023 1013 1072 1046 ut
1098 1014 1218 1046 tuum
1245 1007 1402 1047 factum

191 1070 254 1113 iis,
282 1069 366 1117 qui,
393 1079 475 1118 quo
502 1068 638 1103 animo
663 1067 773 1103 inter
798 1078 872 1103 nos
897 1067 1037 1110 simus,
1055 1067 1261 1116 ignorent,
1280 1065 1401 1104 alieni

192 1124 366 1162 hominis
384 1123 448 1174 (ut
462 1122 669 1160 lenissime
686 1120 837 1174 dicam)
854 1127 898 1159 et
913 1120 1110 1172 fugientis
1126 1132 1402 1174 congressum,

192 1194 332 1219 meum
374 1193 470 1217 vero
511 1182 830 1217 coniunctissimi
872 1184 916 1217 et
958 1181 1189 1217 amicissimi
1223 1192 1313 1218 esse
1345 1182 1402 1218 vi-

136 1244 160 1277 4
194 1238 357 1276 deatur.
410 1237 472 1274 Ac
508 1236 608 1274 mihi
644 1242 787 1274 tamen
806 1242 919 1282 ante,
943 1249 1067 1287 quam
1089 1238 1132 1274 in
1153 1231 1402 1288 provinciam

192 1298 389 1340 venirem,
410 1294 600 1333 redditae
629 1299 726 1332 sunt
754 1307 778 1331 a
806 1298 850 1331 te
878 1293 1059 1339 litterae,
1081 1293 1229 1345 quib'us
1251 1294 1331 1338 etsi
1355 1299 1401 1333 te

191 1352 363 1390 Tarsum
402 1351 600 1402 proficisci
638 1350 965 1396 demonstrabas,
1003 1356 1146 1388 tamen
1183 1351 1283 1390 mihi
1319 1365 1402 1392 non

192 1410 361 1448 dubiam
409 1422 525 1459 spem
573 1411 655 1446 mei
702 1408 972 1446 conveniendi
1019 1406 1246 1455 affer'ebas3
1307 1422 1401 1449 cum

192 1470 367 1513 interea,
387 1466 509 1504 credo
530 1465 738 1517 equidem,
757 1464 945 1503 malevoli
965 1464 1150 1503 homines
1171 1465 1272 1518 (late
1292 1469 1401 1506 enim

192 1529 313 1575 patet
331 1523 408 1562 hoc
430 1522 625 1574 vitium),l
648 1522 721 1560 sed
744 1528 887 1560 tamen
908 1521 1163 1572 probabilem
1185 1526 1402 1570 materiam

193 1584 304 1619 nacti
327 1583 538 1626 sermonis,
560 1581 692 1631 ignari
713 1592 832 1617 meae
855 1582 1128 1625 constantiae,
1148 1580 1404 1621 conabantur

195 1639 373 1677 alienare
395 1651 420 1676 a
439 1643 483 1676 te
504 1637 762 1675 voluntatem
782 1650 921 1691 meam
935 1650 946 1683 ;
982 1639 1052 1688 qui
1072 1642 1116 1675 te
1136 1635 1270 1676 forum
1287 1637 1402 1678 Tarsi

238 1728 251 1747 ²
276 1726 474 1767 Followinq
513 1725 650 1763 Schmin,
689 1724 873 1763 Graevius,
909 1724 983 1757 and
1023 1723 1226 1763 Manutius,
1260 1724 1285 1758 I
1316 1725 1402 1759 have

193 1770 339 1804 omitted
361 1772 398 1802 et
420 1771 473 1802 est
497 1769 533 1801 in
557 1768 679 1800 multis
700 1779 740 1800 as
764 1768 866 1810 being]
889 1779 912 1800 a
932 1767 1040 1810 9loss,
1060 1768 1190 1810 thouyk
1213 1769 1267 1801 the
1287 1769 1402 1802 words

194 1824 254 1847 are
263 1813 385 1856 found
401 1812 441 1845 in
461 1811 506 1844 M
518 1812 592 1844 and
610 1811 651 1844 G.

245 1938 260 1952 ‘¹
286 1931 416 1965 Sulla's
433 1931 512 1970 law,
529 1931 601 1964 Leae
622 1930 791 1963 Cornelia
815 1930 857 1963 de
874 1929 1074 1972 provinciis
1093 1930 1319 1968 ordinandis,
1333 1942 1402 1965 one

198 1976 238 2009 of
257 1976 317 2008 the
339 1976 538 2018 provisions
560 1973 601 2007 of
620 1973 735 2006 which
759 1984 830 2006 was
853 1972 932 2006 that
952 1973 1011 2005 the
1034 1974 1181 2014 retii-ing
1206 1974 1401 2015 provincial

198 2030 374 2061 governor
389 2021 484 2050 must
500 2018 597 2051 leave
612 2017 672 2049 the
687 2018 854 2059 province
869 2016 990 2049 within
1007 2016 1118 2060 thirty
1132 2015 1223 2059 days
1237 2016 1329 2050 after
1340 2018 1402 2053 the

198 2062 328 2095 arrival
345 2062 385 2094 of
397 2061 458 2095 the
476 2072 552 2094 new
568 2071 756 2103 governor.

204 2117 278 2153 184
