1442 2392
692 152 896 192 CICERO

155 259 177 293 3
196 257 375 294 victoria.
429 255 560 308 quue
592 269 685 295 cum
719 260 874 308 optime
906 258 1111 309 perspexi,
1142 255 1227 297 tale
1259 256 1398 305 videm,

194 309 294 348 nihil
314 315 362 347 ut
381 310 477 348 mali
495 311 683 349 videatur
702 311 901 357 futurum,
921 314 955 350 si
973 311 1017 350 id
1034 311 1101 350 vel
1117 316 1217 351 ante
1236 311 1396 352 accida-2

193 366 262 408 rit,
283 364 393 414 quod
411 364 476 402 vel
495 367 720 403 maximum
739 365 793 404 ad
812 367 1001 404 timorem
1020 368 1272 417 proponitur.
1325 365 1393 406 Ita

195 419 304 455 enim
325 420 475 464 vivere,
498 424 546 456 ut
567 424 657 456 tum
679 422 732 457 sit
753 419 990 465 vivendum,·
1007 422 1277 458 miserrimum
1299 425 1391 466 αξη

193 473 296 509 mori
321 477 463 509 autem
489 485 611 511 nemo
637 476 799 524 sapiens
824 476 1017 511 miserum
1043 473 1163 512 duxit
1187 486 1241 512 ne
1266 473 1390 514 beato

193 525 374 575 quidem.
427 525 509 564 Sed
524 529 566 564 in
585 539 634 564 ea
651 540 695 564 es
712 528 827 572 urbe,
844 529 886 565 in
902 540 984 578 qua
1000 527 1115 573 haec,
1132 526 1198 565 vel
1212 526 1329 578 plura
1345 532 1393 576 en

152 583 175 615 4
193 582 398 617 ornatiora
425 582 604 630 parietes
632 583 708 631 ipsi
735 581 846 632 loqui
873 594 991 632 posse
1019 581 1247 626 videantur.
1299 581 1389 632 Ego

192 633 268 670 tibi
287 633 363 672 hoe
382 634 588 680 confirmo,
610 637 687 672 etsi
706 634 804 673 levis
825 641 889 673 est
908 635 1127 673 consolatio
1148 647 1199 673 ex
1218 637 1387 674 miseriis

192 686 376 733 aliorum,
406 688 530 726 nihilo
560 693 605 726 te
635 702 741 726 nunc
771 692 923 727 maiore
953 692 996 726 in
1025 688 1254 727 discrimine
1284 702 1387 735 esse,

192 753 316 791 quam
329 745 510 792 quemvis
527 747 601 780 aut
614 755 767 788 eorum,
780 745 850 794 qui
862 743 1120 781 discesserint
1133 742 1220 794 [aut
1233 755 1386 790 eorum,

192 797 260 844 qui
288 795 607 848 remanserint].1
661 797 793 835 Alteri
820 797 1029 842 dimicant,
1048 797 1167 835 alteri
1192 799 1385 835 victorem

191 851 354 887 timent.
408 849 490 888 Sed
510 850 612 888 haec
634 850 854 888 consolatio
876 851 974 889 levis
998 856 1089 896 est3
1125 850 1193 888 illa
1214 853 1384 902 gravior,

192 915 274 953 qua
290 908 334 940 te
351 905 414 940 uti
429 916 562 954 spero,
581 917 657 954 ego
674 910 786 942 certe
804 910 924 950 utor,
914 918 923 926 ·
956 917 1032 942 nec
1049 907 1172 950 enim,
1188 904 1287 943 dum
1303 917 1385 951 ero,

191 969 318 1007 angar
355 957 437 994 ulla
464 971 523 1003 re,
550 971 644 996 cum
674 961 784 996 omni
810 971 953 996 vacem
988 958 1121 1009 eulpa,
1150 963 1208 1004 et,
1233 960 1269 997 si
1303 971 1388 1025 uo‘n¹

191 1022 275 1055 ero,
308 1023 429 1048 sensu
461 1014 624 1049 omnino
657 1013 817 1050 carebo.
875 1012 956 1050 Sed
987 1025 1123 1050 rursus
1154 1011 1292 1064 γλαῦκ’
1333 1011 1389 1055 εἷς

187 1061 369 1113 ῗΑθήνας,
400 1067 469 1115 qui
499 1065 552 1103 ad
583 1071 626 1103 te
656 1065 771 1105 haec.
826 1066 930 1104 Mihi
962 1071 1023 1112 tu,
1052 1069 1128 1112 tui,
1153 1071 1226 1105 tua
1251 1065 1386 1109 omilin,

190 1120 368 1157 maxime
387 1132 507 1157 curae
526 1124 622 1158 sunt
642 1125 698 1166 et,
717 1120 816 1159 dum
833 1123 980 1166 vivam,
999 1125 1134 1160 erunt.

761 1274 819 1312 IV

482 1381 528 1408 M.
550 1381 690 1407 CICERO
711 1382 742 1408 S.
763 1382 803 1409 D.
824 1382 861 1408 A.
882 1381 1091 1412 TORQUATO

604 1463 752 1502 Romae,
770 1475 877 1497 A.u.c.
895 1466 973 1497 709.

153 1544 170 1576 1
242 1538 359 1585 Novi,
375 1539 485 1591 quod
503 1540 557 1579 ad
571 1545 615 1578 te
635 1542 867 1586 scriberem,
882 1540 981 1579 nihil
997 1545 1110 1587 erat3
1139 1545 1183 1579 et
1197 1545 1339 1580 tamen
1351 1541 1384 1580 si

188 1593 287 1644 quid
313 1599 435 1640 esset,
461 1595 639 1632 sciebam
664 1600 708 1633 te
733 1608 759 1632 a
782 1597 863 1632 tuis
889 1597 1104 1633 certiorem
1130 1595 1216 1633 fieri
1241 1595 1383 1652 solere.

239 1679 253 1699 ²
278 1679 348 1712 Tho
350 1680 420 1722 uyh
439 1680 493 1713 the
511 1680 691 1713 bracketed
705 1681 820 1714 word-³
839 1691 898 1714 are
917 1684 978 1713 not
992 1681 1113 1723 found
1129 1681 1169 1715 in
1183 1685 1272 1714 moaet
1287 1689 1382 1719 uss..

184 1724 260 1764 theu
282 1724 367 1756 have
388 1725 467 1756 been
489 1724 690 1758 discovered
710 1724 752 1766 by
776 1724 914 1766 Tyr-rell
936 1726 975 1758 in
996 1736 1059 1758 one
1077 1725 1121 1768 of
1134 1724 1277 1760 Allen'e
1299 1734 1386 1773 m,

182 1767 255 1799 and
272 1778 360 1799 seem
377 1767 540 1800 essential
558 1770 592 1801 to
609 1768 664 1801 the
680 1778 776 1801 sense
793 1769 836 1810 of
847 1769 902 1802 the
915 1779 1077 1811 passaye.

239 1886 255 1903 ‘¹
278 1882 346 1920 i.e.‚
363 1881 424 1915 the
438 1881 578 1916 trouble
592 1881 671 1915 that
687 1885 783 1915 must
797 1892 906 1915 ensue
922 1882 958 1914 in
975 1881 1085 1914 either
1099 1892 1192 1916 ease.

239 1924 253 1944 ¹,
285 1926 292 1933 .

237 1925 487 2010 efflussgffit
509 1971 546 2001 to
571 1978 636 2001 our
660 1968 681 1982 ‘
697 1967 850 2008 sending
873 1967 968 2001 coals
998 1971 1035 2001 to
1063 1967 1299 2006 Newcastle‚’·
1324 1967 1384 2002 the

190 1973 397 2087 oiktzeing
426 2011 547 2044 sacred
575 2014 612 2044 to
641 2010 755 2044 Pallas
787 2011 938 2051 Athene,
965 2010 1025 2044 the
1051 2011 1205 2055 tutelary
1230 2011 1384 2054 goddess

189 2065 211 2086 o
318 2065 391 2089 ens.
1344 2086 1345 2090 ,

190 2110 268 2143 440
