1442 2392
657 110 860 150 CICERO

151 216 302 252 mentis
330 217 426 261 tuis,
453 217 667 266 veterique
695 221 860 255 nostrae
888 215 1180 255 necessitudini
1207 215 1361 255 iamdiu

152 268 340 307 debitum
366 269 440 307 sed
461 269 593 308 multa
611 272 813 308 varietate
831 276 1066 321 temporum
1083 273 1364 322 interruptum*

102 327 125 360 2
151 323 326 361 officium
358 323 566 362 cumulate
599 324 773 362 reddidi.
827 324 973 376 Neque
1006 324 1239 365 mehercule
1273 339 1362 364 um-

151 390 275 427 quam
289 377 389 415 mihi
403 380 464 416 tui
479 384 552 416 aut
565 378 725 416 colendi
740 383 813 416 aut
826 379 996 416 ornandi
1012 378 1199 418 voluntas
1212 378 1361 425 defuit3

150 431 223 469 sed
236 432 439 482 quaedam
451 438 592 483 pestes
603 432 828 478 hominum,
839 432 961 471 laude
975 433 1108 472 aliena
1119 433 1361 480 dolentium,

151 492 195 523 et
215 491 258 524 te
279 499 587 537 nonnumquam
609 500 633 524 a
651 500 718 525 me
740 487 971 526 alienarunt
991 493 1035 526 et
1053 501 1120 526 me
1141 487 1360 539 aliquando

149 541 423 578 immutarunt
467 541 557 579 tibi.
610 540 693 579 Sed
738 544 901 580 exstitit
945 547 1124 592 tempus,
1168 547 1360 592 optatum

149 593 250 631 mihi
279 597 423 645 magis,
454 608 578 646 quam
607 601 832 645 speratum,
862 601 924 642 ut,
953 595 1247 635 florentissimis
1276 598 1359 637 tuis

148 648 286 694 rebus,
302 662 395 687 mea
414 652 588 700 perspici
607 655 748 699 posset
767 655 812 688 et
826 653 1024 688 memoria
1038 655 1203 688 nostrae
1219 649 1359 688 volun-

149 705 249 740 tatis
274 708 318 741 et
342 706 546 742 amicitiae
571 703 686 742 fides.
739 703 838 742 Sum
863 707 972 742 enim
996 710 1253 750 consecutus,
1276 717 1357 746 non

149 757 272 795 modo
299 763 346 795 ut
373 758 517 796 domus
544 764 617 796 tua
643 764 748 804 tota,
774 759 848 797 sed
875 764 922 796 ut
948 764 1097 797 cuncta
1122 761 1264 798 civitas
1289 772 1357 797 me

149 811 226 848 tibi
248 814 535 849 amicissimum
559 825 648 850 esse
670 818 950 863 cognosceret.
1003 812 1153 864 Itaque
1175 818 1220 851 et
1239 825 1358 864 prae-

149 868 401 903 stantissima
423 869 604 904 omnium
626 866 887 912 feminarum,
909 880 1011 905 uxor
1031 873 1118 913 tua,
1141 872 1186 907 et
1206 869 1358 905 eximia

147 922 320 969 pietate,
358 923 526 966 virtute,
563 924 697 971 gratia
737 924 799 959 tui
841 921 988 967 Crassi,
1025 924 1129 961 meis
1168 921 1357 967 consiliis,

147 976 326 1019 monitis,
352 974 497 1013 studiis
524 976 835 1026 actionibusque
861 978 1078 1021 nituntur3
1119 981 1164 1014 et
1188 981 1358 1014 senatus

147 1028 403 1079 populusque
442 1027 648 1067 Romanus
686 1029 904 1081 intellegit,
944 1030 1018 1068 tibi
1060 1030 1220 1068 absenti
1257 1028 1357 1067 nihil

148 1095 236 1120 esse
257 1088 343 1120 tam
366 1090 603 1134 promptum
628 1090 701 1122 aut
725 1090 811 1122 tam
834 1090 1039 1134 paratum,
1059 1097 1183 1135 quam
1206 1086 1248 1121 in
1271 1097 1356 1122 om-

147 1137 265 1174 nibus
288 1138 424 1183 rebus,
445 1151 550 1188 quae
580 1138 631 1176 ad
662 1144 702 1176 te
730 1141 982 1189 pertineant,
1001 1151 1183 1189 operam,
1202 1151 1356 1184 curam,

98 1194 120 1228 3
147 1190 418 1242 diligentiam,
456 1195 746 1230 auctoritatem
783 1206 934 1233 meam.
988 1192 1106 1240 Quae
1143 1195 1226 1231 sint
1262 1197 1355 1230 acta

147 1258 336 1296 quaeque
355 1252 546 1296 agantur,
564 1247 881 1284 domesticorum
899 1247 975 1285 tibi
992 1246 1141 1285 litteris
1158 1246 1354 1285 declarari

147 1305 262 1349 puto.
317 1299 382 1338 De
426 1314 493 1338 me
539 1303 595 1338 sic
640 1304 850 1339 existimes
895 1314 942 1339 ac
986 1302 1062 1339 tibi
1106 1300 1354 1351 persuadeas

147 1353 414 1393 vehementer
426 1355 547 1392 velim
574 1369 656 1392 non
670 1369 736 1393 me
750 1358 968 1406 repentina
979 1355 1116 1407 aliqua
1127 1355 1355 1401 voluntate,

147 1414 219 1445 aut
257 1407 442 1454 fortuito,
481 1409 532 1447 ad
572 1415 687 1447 tuam
726 1409 1039 1460 amplitudinem
1077 1411 1179 1448 meis
1216 1409 1353 1448 officiis

146 1462 476 1512 amplectendam
523 1463 726 1509 incidisse,
772 1464 859 1510 sed,
906 1470 953 1502 ut
998 1466 1174 1514 primum
1219 1462 1352 1515 forum

199 1544 214 1560 ⁴¹
237 1539 360 1572 Cicero
387 1540 459 1573 and
491 1541 640 1574 Crassus
668 1552 759 1574 were
785 1541 897 1574 thrice
923 1542 1112 1585 estranged
1139 1541 1211 1576 and
1242 1541 1353 1585 thrice

155 1583 363 1616 reconciled.
413 1584 489 1616 The
504 1584 580 1617 first
596 1584 736 1627 quarrel
757 1595 829 1618 was
850 1585 921 1618 due
942 1588 979 1618 to
998 1585 1152 1618 Cicero's
1172 1585 1326 1619 ascribin

154 1629 191 1658 to
208 1626 369 1669 Pompey
384 1627 444 1660 the
460 1627 574 1660 whole
588 1628 701 1661 credit
717 1627 758 1661 of
777 1628 836 1661 the
858 1628 993 1662 Servile
1012 1629 1118 1668 wan
1141 1629 1203 1662 the
1220 1639 1325 1663 secon
1350 1635 1352 1638 '

153 1680 225 1702 was
247 1670 319 1703 due
341 1674 378 1703 to
402 1671 581 1704 Crassus's
601 1673 749 1714 activity
769 1673 804 1705 in
830 1673 960 1714 urging
983 1672 1042 1705 the
1065 1672 1293 1706 banishment
1313 1672 1354 1706 of

153 1713 287 1753 Cicero,
311 1714 377 1747 but
403 1725 425 1747 a
453 1715 718 1748 reconciliation
745 1726 817 1748 was
845 1715 1005 1754 effected,
1030 1715 1167 1758 mainly
1193 1715 1351 1759 through

148 1757 327 1790 Crassus‘s
343 1769 407 1791 son
426 1758 586 1791 Publius.
635 1758 712 1791 The
731 1758 825 1792 third
842 1770 942 1791 arose
958 1759 1053 1793 from
1071 1759 1250 1793 Crassus's
1266 1770 1351 1803 sup—

153 1804 234 1842 port
264 1801 304 1834 of
339 1801 528 1840 Gabinius,
559 1801 631 1834 and
668 1801 728 1835 the
761 1802 981 1845 subsequent
1019 1802 1283 1836 reconciliation
1305 1803 1349 1847 ‘is

148 1844 332 1877 described
350 1846 386 1878 in
403 1846 426 1878 i.
444 1848 477 1879 9.
495 1847 527 1878 2.

198 1888 273 1921 The
302 1889 600 1931 complimentary
626 1888 698 1922 and
726 1900 813 1922 even
845 1889 1072 1923 affectionate
1101 1892 1185 1923 tone
1211 1889 1252 1923 of
1278 1889 1349 1923 this

153 1930 252 1964 letter
272 1934 447 1965 contrasts
470 1932 721 1975 unpleasantly
737 1932 822 1965 with
844 1933 939 1966 what
961 1933 1085 1966 Cicero
1099 1933 1185 1967 calls
1198 1933 1349 1967 Crassus

152 1976 187 2008 in
202 1986 224 2007 a
239 1979 514 2017 contemporary
530 1976 630 2008 letter
646 1979 683 2008 to
700 1977 840 2009 Atticus
857 1976 918 2016 (iv.
940 1979 993 2010 13.
1009 1978 1150 2020 2)—“o
1165 1976 1346 2011 hominem

152 2029 306 2060 nequam
320 2021 327 2051 Ξ
342 2019 363 2032 ”
382 2023 403 2037 “
416 2019 510 2053 what
525 2030 547 2052 a
563 2019 744 2053 worthless
762 2020 874 2053 rascal
887 2023 895 2053 !
909 2019 931 2034 ”

149 2074 227 2109 350
