1442 2392
669 150 873 190 CICERO

167 268 306 306 agere,
330 259 515 293 statuere
540 253 685 299 multa,
710 253 947 299 decernere,
971 253 1151 291 iudicare
1175 251 1375 295 dicerent,

167 342 261 367 cum
280 341 419 379 posses
439 330 521 365 iam
541 329 750 377 suspicari,
769 327 845 364 tibi
866 339 955 364 esse
975 338 1207 364 successum
1223 337 1233 371 3
1267 333 1382 375 quae·

169 415 222 440 ne
252 402 305 439 ab
333 403 380 439 iis
411 400 578 452 quidem
608 399 696 438 fieri
724 399 918 445 solerent,
948 401 1019 450 qui
1046 399 1160 438 brevi
1188 403 1376 447 tempore

171 475 246 514 sibi
286 474 448 532 succedi
487 478 699 524 putarent.
753 472 912 510 Horum
952 485 1030 524 ego
1069 482 1257 510 sermone
1295 482 1378 508 non

171 549 393 593 movebar3
437 549 537 598 quin
566 549 693 584 etiam
722 545 881 598 (credas
909 546 1009 584 mihi
1037 545 1191 598 velim),
1219 546 1253 582 si
1281 541 1380 595 quid

172 627 219 661 tu
239 634 397 672 ageres,
415 620 541 658 levari
559 632 626 658 me
644 620 845 670 putabam
862 619 1052 658 molestia
1069 631 1079 664 3
1112 623 1157 657 et
1174 631 1227 657 ex
1245 629 1382 656 annua

173 698 394 747 provincia,
416 707 522 746 quae
545 693 644 731 mihi
666 693 790 744 longa
812 693 1034 738 videretur,
1055 705 1183 744 prope
1204 694 1288 729 iam
1309 703 1383 728 un-

175 769 309 808 decim
335 770 538 806 mensium
564 769 813 818 provinciam
839 766 993 805 factam
1020 779 1110 805 esse
1136 765 1384 817 gaudebam,

176 845 210 881 si
238 843 400 880 absenti
427 840 527 878 mihi
555 843 674 878 unius
701 843 853 878 mensis
880 840 995 878 labor
1022 840 1233 878 detractus
1261 842 1385 877 esset.

179 915 287 954 Illud
309 915 421 967 (vere
444 913 595 965 dicam)
618 926 684 951 me
707 919 861 959 movet,
883 916 926 951 in
947 918 1068 951 tanta
1088 912 1266 951 militum
1287 924 1386 962 pau·

179 992 307 1028 citate
336 988 481 1026 abesse
519 993 603 1025 tres
632 986 835 1032 cohortes,
864 1000 971 1038 quae
999 989 1082 1025 sint
1113 985 1388 1037 plenissimae,

180 1075 257 1101 nec
287 1074 355 1100 me
387 1064 504 1106 scire,
536 1061 607 1098 ubi
638 1063 734 1099 sint.
790 1059 1083 1098 Molestissime
1114 1064 1257 1098 autem
1286 1057 1390 1104 fero,

181 1135 306 1188 quod,
325 1139 369 1173 te
384 1135 455 1172 ubi
469 1136 625 1172 visurus
641 1136 731 1179 sim,
750 1136 887 1171 nescio
904 1146 914 1179 ;
949 1145 1081 1184 eoque
1101 1131 1154 1171 ad
1171 1137 1216 1171 te
1233 1131 1390 1170 tardius

182 1211 336 1259 scripsi,
362 1207 473 1259 quod
498 1206 682 1258 quotidie
708 1212 752 1244 te
777 1209 911 1257 ipsum
937 1206 1260 1257 exspectabam;
1298 1218 1390 1244 cum

182 1285 344 1320 interea
377 1294 429 1318 ne
463 1280 623 1318 litteras
658 1279 825 1331 quidem
860 1279 962 1317 ullas
996 1281 1150 1330 accepi,
1183 1291 1291 1330 quae
1323 1291 1391 1317 me

184 1355 395 1400 docerent,
431 1353 530 1405 quid
565 1366 724 1405 ageres,
760 1358 834 1391 aut
868 1353 939 1391 ubi
974 1358 1018 1391 te
1054 1355 1210 1390 visurus
1245 1365 1392 1390 essem.

185 1429 335 1479 Itaque
365 1430 496 1465 virum
525 1425 677 1464 fortem
706 1425 889 1477 mihique
918 1428 961 1463 111
989 1428 1130 1476 primis
1158 1425 1392 1476 probatum,

185 1502 239 1540 D.
253 1502 495 1545 Antonium,
506 1498 765 1551 praefectum
781 1504 1057 1545 evocatorum,
1070 1501 1160 1537 misi
1176 1498 1229 1537 ad
1242 1504 1300 1545 te,
1313 1501 1393 1545 eui,

185 1577 219 1614 si
237 1575 313 1612 tibi
333 1573 556 1618 videretur,
574 1572 763 1611 cohortes
782 1572 967 1610 traderes
984 1584 996 1618 ;
1029 1577 1091 1618 ut,
1111 1572 1210 1610 dum
1228 1577 1393 1623 tempus

186 1650 282 1686 anni
312 1651 423 1685 esset
450 1646 659 1691 idoneum,
689 1645 843 1696 ahquid
872 1647 1015 1696 negoti
1042 1657 1188 1696 gerere
1216 1657 1393 1696 possem.

189 1721 236 1759 In
258 1733 353 1772 quo,
373 1725 447 1758 tuo
467 1718 633 1757 consilio
653 1723 701 1756 ut
720 1730 788 1756 me
808 1731 1017 1769 sperarem
1037 1731 1127 1756 esse
1147 1731 1330 1764 usurum,
1349 1723 1395 1758 et

188 1795 368 1832 amicitia
394 1797 535 1830 nostra
567 1797 612 1830 et
642 1791 809 1829 litterae
846 1797 945 1829 tuae
973 1789 1173 1838 fecerant,
1203 1791 1315 1842 quod
1340 1804 1394 1830 ne

187 1880 295 1906 nunc
322 1865 490 1918 quidem
517 1865 705 1916 despero.
758 1863 841 1902 Sed
866 1864 1004 1915 plane,
1032 1864 1197 1915 quando
1224 1870 1298 1903 aut
1323 1865 1393 1904 ubi

234 2001 251 2018 ⁰
275 1995 421 2028 Evocati
435 2005 526 2027 were
540 2004 622 2027 men
637 1993 717 2026 who
731 1992 804 2026 had
818 1992 942 2026 served
956 1992 1048 2026 their
1061 1993 1147 2026 time
1161 1993 1198 2026 in
1212 1993 1273 2027 the
1291 2003 1392 2038 army

190 2039 213 2054 ‘⁶
229 2038 342 2072 called
360 2041 422 2071 out
438 2037 459 2052 ”
477 2039 584 2080 again
601 2036 658 2070 for
673 2038 816 2070 service.

200 2090 273 2130 186
