1442 2392
674 133 881 172 CICERO

171 239 227 286 id,
250 239 361 292 quod
382 239 579 286 ostendis,
601 251 795 291 magnam
816 237 980 276 habebo
1000 239 1177 289 gratiam
1191 249 1209 283 ς-
1241 237 1275 276 si
1296 249 1377 275 non

170 309 331 356 feceris,
355 312 592 362 ignoscam3
633 314 677 348 et
702 309 879 348 alterum
903 310 1055 354 timori,
1080 307 1255 346 alterum
1278 305 1379 345 mihi

171 386 216 420 te
249 394 402 433 negare
436 394 519 419 non
550 383 734 432 potuisse
768 379 1011 418 arbitrabor.
1063 377 1140 417 Est
1173 379 1283 422 enim
1309 372 1379 417 re's

171 450 357 502 profecto
381 454 576 490 maxima.
630 450 742 499 Quid
765 456 926 489 rectum
950 453 1018 496 sit,
1043 454 1247 501 apparet;
1279 447 1380 500 quid

172 523 382 574 expediat,
394 522 612 561 obscurum
625 527 690 561 est
703 534 714 568 3
740 523 800 560 ita
812 527 969 566 tamen,
982 526 1044 566 ut,
1056 522 1090 558 si
1101 533 1176 559 nos
1187 521 1216 558 ii
1227 531 1381 565 sumus,

172 596 242 645 qui
256 606 345 632 esse
360 593 624 639 debemus,id
637 592 859 639 est‚studi0
872 592 987 643 digni
1000 596 1045 630 et
1056 590 1206 648 Htizeris
1219 584 1382 637 nostiis,

171 664 363 702 dubitare
387 677 470 702 non
493 666 708 715 possimus,
733 665 834 715 quin
858 676 909 701 ea
931 664 1112 701 maxime
1135 661 1381 707 conducant,

173 748 279 786 quae
303 740 401 773 suni:
421 738 664 774 rectissima.
717 734 855 782 Quare
879 739 941 780 tu,
965 735 999 772 si
1020 726 1219 784 placebit,
1238 733 1381 770 statim

174 806 227 844 ad
247 819 314 844 me
335 808 489 845 venies.
542 805 614 844 Sin
633 805 745 844 idem
765 801 960 856 placebit,
981 803 1055 842 sed
1075 815 1212 855 neque
1234 799 1381 843 eodem

172 890 250 915 nec
267 878 462 915 continuo
479 878 650 927 poteris,
664 878 801 914 omnia
820 875 897 914 ‘cibi
916 880 964 913 ut
982 880 1084 913 nota
1103 877 1201 920 sint,
1218 861 1380 912 faciam}

172 946 384 999 Quidquid
397 950 606 993 statueris,
619 952 664 985 te
678 946 778 984 mihi
793 948 983 992 amicum,
997 948 1059 984 sin
1072 944 1129 992 id,
1143 943 1254 997 quod
1267 949 1380 996 opto,

172 1020 300 1057 etiam
314 1020 602 1056 amicissimum
614 1019 625 1055 i
630 1017 818 1056 udieabo.
1363 1017 1366 1021 ’

730 1196 810 1236 XX

639 1314 780 1340 CICERO
809 1313 916 1340 RUFO

551 1404 609 1439 Ad
629 1405 779 1445 Urbem,
797 1415 904 1438 A.u.c.
923 1406 1002 1438 705.

223 1502 400 1553 Quoquo
429 1500 552 1539 modo
580 1502 822 1551 potuissem,
852 1505 896 1538 te
926 1500 1221 1545 convenissem,
1251 1499 1284 1536 si
1314 1494 1378 1544 eo,

171 1586 254 1625 quo
285 1574 571 1617 constitueras,
603 1573 742 1609 venire
774 1569 982 1609 voluisses.
1036 1569 1174 1617 Quare
1207 1571 1286 1607 etsi
1316 1570 1379 1608 tui

171 1643 374 1682 commodi
402 1655 526 1680 causa
555 1654 811 1680 commovere
841 1653 909 1679 me
938 1640 1119 1686 noluisti,
1148 1645 1291 1678 tamen
1318 1641 1379 1678 ita

171 1716 381 1753 existimes
413 1712 549 1759 velim,
580 1725 648 1750 me
680 1711 959 1750 antelaturum
990 1709 1131 1757 fuisse,
1162 1712 1195 1749 si
1227 1709 1280 1748 ad
1310 1722 1378 1748 me

170 1787 362 1831 misisses,
387 1783 644 1822 voluntatem
671 1789 787 1821 tuam
814 1782 1028 1820 commodo
1055 1794 1163 1820 meo.
1219 1780 1286 1818 Ad
1313 1793 1377 1826 ea,

170 1868 278 1908 quae
302 1857 512 1906 scripsisti,
537 1853 788 1892 commodius
814 1853 1007 1904 equidem
1031 1865 1193 1902 possem
1219 1851 1272 1890 de
1297 1853 1376 1890 sin-

221 1989 235 2004 ⁰
260 1983 383 2017 Cicero
405 1982 478 2016 had
501 1982 629 2016 waited
652 1981 791 2014 outside
813 1981 874 2014 the
895 1983 969 2023 city
991 1991 1038 2014 on
1062 1981 1116 2013 his
1138 1983 1259 2013 return
1281 1979 1373 2013 from

174 2028 297 2061 Cilicia
314 2029 350 2060 in
367 2027 428 2060 the
443 2027 536 2068 hope
553 2025 593 2058 of
605 2027 746 2068 getting
761 2036 782 2058 a
799 2025 970 2068 triumph.

176 2078 254 2120 406
