<?xml version="1.0" encoding="UTF-8"?>
<!DOCTYPE html PUBLIC "-//W3C//DTD XHTML 1.0 Transitional//EN"
    "http://www.w3.org/TR/xhtml1/DTD/xhtml1-transitional.dtd">
<html xmlns="http://www.w3.org/1999/xhtml" xml:lang="en" lang="en">
 <head>
  <title>
</title>
<meta http-equiv="Content-Type" content="text/html;charset=utf-8" />
  <meta name='ocr-system' content='tesseract 3.04.00' />
  <meta name='ocr-capabilities' content='ocr_page ocr_carea ocr_par ocr_line ocrx_word'/>
</head>
<body>
  <div class='ocr_page' id='page_1' title='image "./letterstohisfrie01ciceuoft_0268.png"; bbox 0 0 1442 2392; ppageno 0'>
   <div class='ocr_carea' id='block_1_1' title="bbox 670 151 873 191">
    <p class='ocr_par' dir='ltr' id='par_1_1' title="bbox 670 151 873 191">
     <span class='ocr_line' id='line_1_1' title="bbox 670 151 873 191; baseline 0.005 -1"><span class='ocrx_word' id='word_1_1' title='bbox 670 151 873 191; x_wconf 90' lang='lat' dir='ltr'>CICERO</span> 
     </span>
    </p>
   </div>
   <div class='ocr_carea' id='block_1_2' title="bbox 165 264 1373 773">
    <p class='ocr_par' dir='ltr' id='par_1_2' title="bbox 165 262 1373 773">
     <span class='ocr_line' id='line_1_2' title="bbox 166 264 1373 321; baseline 0.002 -19"><span class='ocrx_word' id='word_1_2' title='bbox 166 264 327 317; x_wconf 87' lang='lat' dir='ltr'>liceret)</span> <span class='ocrx_word' id='word_1_3' title='bbox 368 265 608 317; x_wconf 81' lang='lat' dir='ltr'>ambigua13</span> <span class='ocrx_word' id='word_1_4' title='bbox 661 266 840 304; x_wconf 80' lang='lat' dir='ltr'><strong>ambitus</strong></span> <span class='ocrx_word' id='word_1_5' title='bbox 865 279 962 305; x_wconf 88' lang='lat' dir='ltr'>vero</span> <span class='ocrx_word' id='word_1_6' title='bbox 986 268 1047 305; x_wconf 85' lang='lat' dir='ltr'>ita</span> <span class='ocrx_word' id='word_1_7' title='bbox 1076 270 1264 321; x_wconf 82' lang='lat' dir='ltr'>apertam</span> <span class='ocrx_word' id='word_1_8' title='bbox 1292 267 1373 315; x_wconf 79' lang='lat' dir='ltr'>vim</span> 
     </span>
     <span class='ocr_line' id='line_1_3' title="bbox 167 320 1373 374; baseline 0.001 -15"><span class='ocrx_word' id='word_1_9' title='bbox 167 320 309 367; x_wconf 87' lang='lat' dir='ltr'>habet,</span> <span class='ocrx_word' id='word_1_10' title='bbox 345 327 392 360; x_wconf 90' lang='lat' dir='ltr'>ut</span> <span class='ocrx_word' id='word_1_11' title='bbox 427 327 500 360; x_wconf 90' lang='lat' dir='ltr'>aut</span> <span class='ocrx_word' id='word_1_12' title='bbox 535 328 750 360; x_wconf 85' lang='lat' dir='ltr'><strong>accusetur</strong></span> <span class='ocrx_word' id='word_1_13' title='bbox 783 323 969 374; x_wconf 84' lang='lat' dir='ltr'>improbe</span> <span class='ocrx_word' id='word_1_14' title='bbox 1004 327 1078 361; x_wconf 86' lang='lat' dir='ltr'>aut</span> <span class='ocrx_word' id='word_1_15' title='bbox 1112 321 1373 360; x_wconf 45' lang='lat' dir='ltr'>defendatur&amp;</span> 
     </span>
     <span class='ocr_line' id='line_1_4' title="bbox 167 377 1373 431; baseline 0.001 -15"><span class='ocrx_word' id='word_1_16' title='bbox 167 377 248 425; x_wconf 85' lang='lat' dir='ltr'>Qui</span> <span class='ocrx_word' id='word_1_17' title='bbox 265 381 374 417; x_wconf 91' lang='lat' dir='ltr'>enim</span> <span class='ocrx_word' id='word_1_18' title='bbox 389 378 501 418; x_wconf 81' lang='lat' dir='ltr'>facta</span> <span class='ocrx_word' id='word_1_19' title='bbox 517 385 589 417; x_wconf 88' lang='lat' dir='ltr'>aut</span> <span class='ocrx_word' id='word_1_20' title='bbox 606 393 688 417; x_wconf 93' lang='lat' dir='ltr'>non</span> <span class='ocrx_word' id='word_1_21' title='bbox 702 378 814 418; x_wconf 86' lang='lat' dir='ltr'>facta</span> <span class='ocrx_word' id='word_1_22' title='bbox 828 379 991 431; x_wconf 78' lang='lat' dir='ltr'>largitio</span> <span class='ocrx_word' id='word_1_23' title='bbox 1006 381 1183 431; x_wconf 77' lang='lat' dir='ltr'>ignorari</span> <span class='ocrx_word' id='word_1_24' title='bbox 1199 383 1340 431; x_wconf 72' lang='lat' dir='ltr'>potest</span> <span class='ocrx_word' id='word_1_25' title='bbox 1354 378 1373 417; x_wconf 74' lang='grc' dir='ltr'>Ρ</span> 
     </span>
     <span class='ocr_line' id='line_1_5' title="bbox 165 434 1373 488; baseline 0.003 -16"><span class='ocrx_word' id='word_1_26' title='bbox 165 434 346 474; x_wconf 90' lang='lat' dir='ltr'>Tuorum</span> <span class='ocrx_word' id='word_1_27' title='bbox 376 442 517 484; x_wconf 88' lang='lat' dir='ltr'>autem</span> <span class='ocrx_word' id='word_1_28' title='bbox 547 436 747 474; x_wconf 90' lang='lat' dir='ltr'>honorum</span> <span class='ocrx_word' id='word_1_29' title='bbox 777 450 916 475; x_wconf 90' lang='lat' dir='ltr'>cursus</span> <span class='ocrx_word' id='word_1_30' title='bbox 947 439 1012 476; x_wconf 89' lang='lat' dir='ltr'>cui</span> <span class='ocrx_word' id='word_1_31' title='bbox 1041 442 1256 488; x_wconf 85' lang='lat' dir='ltr'>suspectus</span> <span class='ocrx_word' id='word_1_32' title='bbox 1284 434 1373 476; x_wconf 64' lang='lat' dir='ltr'>urn-v</span> 
     </span>
     <span class='ocr_line' id='line_1_6' title="bbox 167 492 1372 546; baseline 0.002 -15"><span class='ocrx_word' id='word_1_33' title='bbox 167 505 291 543; x_wconf 88' lang='lat' dir='ltr'>quam</span> <span class='ocrx_word' id='word_1_34' title='bbox 313 492 425 532; x_wconf 80' lang='lat' dir='ltr'>fuit?</span> <span class='ocrx_word' id='word_1_35' title='bbox 481 493 554 532; x_wconf 93' lang='lat' dir='ltr'>Me</span> <span class='ocrx_word' id='word_1_36' title='bbox 576 496 785 540; x_wconf 91' lang='lat' dir='ltr'>miserum,</span> <span class='ocrx_word' id='word_1_37' title='bbox 808 496 878 546; x_wconf 89' lang='lat' dir='ltr'>qui</span> <span class='ocrx_word' id='word_1_38' title='bbox 899 508 982 533; x_wconf 89' lang='lat' dir='ltr'>non</span> <span class='ocrx_word' id='word_1_39' title='bbox 1004 493 1233 533; x_wconf 86' lang='lat' dir='ltr'><strong>adfuerim!</strong></span> <span class='ocrx_word' id='word_1_40' title='bbox 1259 506 1372 546; x_wconf 12' lang='lat' dir='ltr'>*quos</span> 
     </span>
     <span class='ocr_line' id='line_1_7' title="bbox 167 550 1372 601; baseline 0.002 -13"><span class='ocrx_word' id='word_1_41' title='bbox 167 563 245 601; x_wconf 88' lang='lat' dir='ltr'>ego</span> <span class='ocrx_word' id='word_1_42' title='bbox 282 553 384 589; x_wconf 90' lang='lat' dir='ltr'>risus</span> <span class='ocrx_word' id='word_1_43' title='bbox 423 551 694 589; x_wconf 87' lang='lat' dir='ltr'>excitassem!</span> <span class='ocrx_word' id='word_1_44' title='bbox 749 550 831 590; x_wconf 89' lang='lat' dir='ltr'>Sed</span> <span class='ocrx_word' id='word_1_45' title='bbox 868 552 921 590; x_wconf 90' lang='lat' dir='ltr'>de</span> <span class='ocrx_word' id='word_1_46' title='bbox 958 554 1188 592; x_wconf 89' lang='lat' dir='ltr'>maiestatis</span> <span class='ocrx_word' id='word_1_47' title='bbox 1223 551 1372 591; x_wconf 85' lang='lat' dir='ltr'>iudicio</span> 
     </span>
     <span class='ocr_line' id='line_1_8' title="bbox 166 606 1371 659; baseline 0.002 -15"><span class='ocrx_word' id='word_1_48' title='bbox 166 606 248 644; x_wconf 87' lang='lat' dir='ltr'>duo</span> <span class='ocrx_word' id='word_1_49' title='bbox 275 607 374 645; x_wconf 88' lang='lat' dir='ltr'>mihi</span> <span class='ocrx_word' id='word_1_50' title='bbox 401 607 470 646; x_wconf 90' lang='lat' dir='ltr'>illa</span> <span class='ocrx_word' id='word_1_51' title='bbox 498 621 549 646; x_wconf 88' lang='lat' dir='ltr'>ex</span> <span class='ocrx_word' id='word_1_52' title='bbox 577 610 659 646; x_wconf 87' lang='lat' dir='ltr'>tuis</span> <span class='ocrx_word' id='word_1_53' title='bbox 685 607 834 647; x_wconf 86' lang='lat' dir='ltr'>litteris</span> <span class='ocrx_word' id='word_1_54' title='bbox 860 609 1150 648; x_wconf 86' lang='lat' dir='ltr'>iucundissima</span> <span class='ocrx_word' id='word_1_55' title='bbox 1175 607 1371 659; x_wconf 79' lang='lat' dir='ltr'>fuerunt3</span> 
     </span>
     <span class='ocr_line' id='line_1_9' title="bbox 167 665 1371 724; baseline 0.002 -23"><span class='ocrx_word' id='word_1_56' title='bbox 167 677 308 711; x_wconf 91' lang='lat' dir='ltr'>unum,</span> <span class='ocrx_word' id='word_1_57' title='bbox 334 665 444 716; x_wconf 92' lang='lat' dir='ltr'>quod</span> <span class='ocrx_word' id='word_1_58' title='bbox 469 671 513 703; x_wconf 86' lang='lat' dir='ltr'>te</span> <span class='ocrx_word' id='word_1_59' title='bbox 539 666 592 703; x_wconf 87' lang='lat' dir='ltr'>ab</span> <span class='ocrx_word' id='word_1_60' title='bbox 616 668 706 716; x_wconf 87' lang='lat' dir='ltr'>ipsa</span> <span class='ocrx_word' id='word_1_61' title='bbox 729 666 939 717; x_wconf 83' lang='lat' dir='ltr'>republica</span> <span class='ocrx_word' id='word_1_62' title='bbox 963 665 1180 716; x_wconf 84' lang='lat' dir='ltr'>defensum</span> <span class='ocrx_word' id='word_1_63' title='bbox 1204 667 1371 724; x_wconf 81' lang='lat' dir='ltr'>scribis3</span> 
     </span>
     <span class='ocr_line' id='line_1_10' title="bbox 167 721 1372 773; baseline 0.004 -14"><span class='ocrx_word' id='word_1_64' title='bbox 167 734 273 772; x_wconf 89' lang='lat' dir='ltr'>quae</span> <span class='ocrx_word' id='word_1_65' title='bbox 300 722 481 773; x_wconf 90' lang='lat' dir='ltr'>quidem,</span> <span class='ocrx_word' id='word_1_66' title='bbox 508 725 634 761; x_wconf 88' lang='lat' dir='ltr'>etiam</span> <span class='ocrx_word' id='word_1_67' title='bbox 658 726 702 762; x_wconf 92' lang='lat' dir='ltr'>in</span> <span class='ocrx_word' id='word_1_68' title='bbox 726 737 886 762; x_wconf 89' lang='lat' dir='ltr'>summa</span> <span class='ocrx_word' id='word_1_69' title='bbox 909 724 1110 762; x_wconf 86' lang='lat' dir='ltr'>bonorum</span> <span class='ocrx_word' id='word_1_70' title='bbox 1135 729 1180 764; x_wconf 86' lang='lat' dir='ltr'>et</span> <span class='ocrx_word' id='word_1_71' title='bbox 1203 721 1372 764; x_wconf 83' lang='lat' dir='ltr'>fortium</span> 
     </span>
    </p>
   </div>
   <div class='ocr_carea' id='block_1_3' title="bbox 166 776 1435 830">
    <p class='ocr_par' dir='ltr' id='par_1_3' title="bbox 166 776 1435 830">
     <span class='ocr_line' id='line_1_11' title="bbox 166 776 1435 830; baseline 0.003 -14"><span class='ocrx_word' id='word_1_72' title='bbox 166 780 314 816; x_wconf 91' lang='lat' dir='ltr'>civium</span> <span class='ocrx_word' id='word_1_73' title='bbox 335 782 465 830; x_wconf 89' lang='lat' dir='ltr'>copia,</span> <span class='ocrx_word' id='word_1_74' title='bbox 486 783 595 818; x_wconf 87' lang='lat' dir='ltr'>tueri</span> <span class='ocrx_word' id='word_1_75' title='bbox 616 780 720 819; x_wconf 87' lang='lat' dir='ltr'>tales</span> <span class='ocrx_word' id='word_1_76' title='bbox 741 783 846 819; x_wconf 89' lang='lat' dir='ltr'>viros</span> <span class='ocrx_word' id='word_1_77' title='bbox 867 781 1055 828; x_wconf 79' lang='lat' dir='ltr'><strong>deberet,</strong></span> <span class='ocrx_word' id='word_1_78' title='bbox 1075 795 1184 820; x_wconf 90' lang='lat' dir='ltr'>nunc</span> <span class='ocrx_word' id='word_1_79' title='bbox 1204 794 1302 820; x_wconf 89' lang='lat' dir='ltr'>vero</span> <span class='ocrx_word' id='word_1_80' title='bbox 1322 776 1372 820; x_wconf 82' lang='lat' dir='ltr'>eo</span> <span class='ocrx_word' id='word_1_81' title='bbox 1431 823 1435 828; x_wconf 66' lang='grc'>,</span> 
     </span>
    </p>
   </div>
   <div class='ocr_carea' id='block_1_4' title="bbox 165 836 1374 1342">
    <p class='ocr_par' dir='ltr' id='par_1_4' title="bbox 165 836 1374 1342">
     <span class='ocr_line' id='line_1_12' title="bbox 165 836 1372 889; baseline 0.004 -16"><span class='ocrx_word' id='word_1_82' title='bbox 165 838 311 887; x_wconf 83' lang='lat' dir='ltr'>magis,</span> <span class='ocrx_word' id='word_1_83' title='bbox 338 836 449 887; x_wconf 91' lang='lat' dir='ltr'>quod</span> <span class='ocrx_word' id='word_1_84' title='bbox 476 842 596 876; x_wconf 85' lang='lat' dir='ltr'>tanta</span> <span class='ocrx_word' id='word_1_85' title='bbox 621 840 794 889; x_wconf 87' lang='lat' dir='ltr'>penuria</span> <span class='ocrx_word' id='word_1_86' title='bbox 821 844 885 877; x_wconf 91' lang='lat' dir='ltr'>est</span> <span class='ocrx_word' id='word_1_87' title='bbox 911 841 954 876; x_wconf 92' lang='lat' dir='ltr'>in</span> <span class='ocrx_word' id='word_1_88' title='bbox 981 841 1092 877; x_wconf 90' lang='lat' dir='ltr'>omni</span> <span class='ocrx_word' id='word_1_89' title='bbox 1118 838 1184 878; x_wconf 92' lang='lat' dir='ltr'>vel</span> <span class='ocrx_word' id='word_1_90' title='bbox 1210 838 1372 878; x_wconf 81' lang='lat' dir='ltr'>honoris</span> 
     </span>
     <span class='ocr_line' id='line_1_13' title="bbox 167 893 1372 946; baseline 0.003 -15"><span class='ocrx_word' id='word_1_91' title='bbox 167 893 232 931; x_wconf 92' lang='lat' dir='ltr'>vel</span> <span class='ocrx_word' id='word_1_92' title='bbox 257 897 407 932; x_wconf 86' lang='lat' dir='ltr'>aetatis</span> <span class='ocrx_word' id='word_1_93' title='bbox 432 894 578 946; x_wconf 84' lang='lat' dir='ltr'>gradu,</span> <span class='ocrx_word' id='word_1_94' title='bbox 604 901 652 934; x_wconf 91' lang='lat' dir='ltr'>ut</span> <span class='ocrx_word' id='word_1_95' title='bbox 677 901 765 934; x_wconf 88' lang='lat' dir='ltr'>tam</span> <span class='ocrx_word' id='word_1_96' title='bbox 790 896 891 934; x_wconf 87' lang='lat' dir='ltr'>orba</span> <span class='ocrx_word' id='word_1_97' title='bbox 915 898 1057 935; x_wconf 86' lang='lat' dir='ltr'>civitas</span> <span class='ocrx_word' id='word_1_98' title='bbox 1082 896 1188 936; x_wconf 89' lang='lat' dir='ltr'>tales</span> <span class='ocrx_word' id='word_1_99' title='bbox 1212 902 1372 935; x_wconf 76' lang='lat' dir='ltr'>tutores</span> 
     </span>
     <span class='ocr_line' id='line_1_14' title="bbox 166 950 1373 1004; baseline 0.003 -16"><span class='ocrx_word' id='word_1_100' title='bbox 166 950 384 1001; x_wconf 76' lang='lat' dir='ltr'>complecti</span> <span class='ocrx_word' id='word_1_101' title='bbox 410 950 591 997; x_wconf 82' lang='lat' dir='ltr'>debeat3</span> <span class='ocrx_word' id='word_1_102' title='bbox 633 951 823 998; x_wconf 89' lang='lat' dir='ltr'>alterum,</span> <span class='ocrx_word' id='word_1_103' title='bbox 850 952 962 1004; x_wconf 90' lang='lat' dir='ltr'>quod</span> <span class='ocrx_word' id='word_1_104' title='bbox 987 952 1158 1004; x_wconf 88' lang='lat' dir='ltr'>Pompei</span> <span class='ocrx_word' id='word_1_105' title='bbox 1185 958 1231 992; x_wconf 87' lang='lat' dir='ltr'>et</span> <span class='ocrx_word' id='word_1_106' title='bbox 1255 953 1373 992; x_wconf 85' lang='lat' dir='ltr'>Bruti</span> 
     </span>
     <span class='ocr_line' id='line_1_15' title="bbox 167 1007 1373 1060; baseline 0.002 -15"><span class='ocrx_word' id='word_1_107' title='bbox 167 1007 291 1045; x_wconf 89' lang='lat' dir='ltr'>fidem</span> <span class='ocrx_word' id='word_1_108' title='bbox 336 1008 752 1060; x_wconf 77' lang='lat' dir='ltr'>benevolentiamque</span> <span class='ocrx_word' id='word_1_109' title='bbox 796 1010 965 1048; x_wconf 90' lang='lat' dir='ltr'>mirifice</span> <span class='ocrx_word' id='word_1_110' title='bbox 1010 1010 1167 1050; x_wconf 83' lang='lat' dir='ltr'>laudas.</span> <span class='ocrx_word' id='word_1_111' title='bbox 1220 1009 1373 1049; x_wconf 83' lang='lat' dir='ltr'>Laetor</span> 
     </span>
     <span class='ocr_line' id='line_1_16' title="bbox 168 1066 1373 1114; baseline 0.003 -11"><span class='ocrx_word' id='word_1_112' title='bbox 168 1067 320 1103; x_wconf 93' lang='lat' dir='ltr'>virtute</span> <span class='ocrx_word' id='word_1_113' title='bbox 337 1071 380 1104; x_wconf 89' lang='lat' dir='ltr'>et</span> <span class='ocrx_word' id='word_1_114' title='bbox 394 1066 537 1112; x_wconf 86' lang='lat' dir='ltr'>officio,</span> <span class='ocrx_word' id='word_1_115' title='bbox 552 1079 646 1104; x_wconf 86' lang='lat' dir='ltr'>eum</span> <span class='ocrx_word' id='word_1_116' title='bbox 660 1072 826 1105; x_wconf 91' lang='lat' dir='ltr'>tuorum</span> <span class='ocrx_word' id='word_1_117' title='bbox 840 1070 1175 1114; x_wconf 85' lang='lat' dir='ltr'>necessariorum,</span> <span class='ocrx_word' id='word_1_118' title='bbox 1187 1072 1373 1106; x_wconf 82' lang='lat' dir='ltr'>meorum</span> 
     </span>
     <span class='ocr_line' id='line_1_17' title="bbox 167 1123 1374 1170; baseline 0.003 -10"><span class='ocrx_word' id='word_1_119' title='bbox 167 1125 515 1169; x_wconf 83' lang='lat' dir='ltr'>amicissimorum,</span> <span class='ocrx_word' id='word_1_120' title='bbox 535 1129 626 1162; x_wconf 90' lang='lat' dir='ltr'>tum</span> <span class='ocrx_word' id='word_1_121' title='bbox 648 1123 830 1170; x_wconf 80' lang='lat' dir='ltr'>alterius,</span> <span class='ocrx_word' id='word_1_122' title='bbox 851 1127 1034 1163; x_wconf 88' lang='lat' dir='ltr'>omnium</span> <span class='ocrx_word' id='word_1_123' title='bbox 1053 1125 1308 1164; x_wconf 84' lang='lat' dir='ltr'>saeculorum</span> <span class='ocrx_word' id='word_1_124' title='bbox 1328 1130 1374 1164; x_wconf 82' lang='lat' dir='ltr'>et</span> 
     </span>
     <span class='ocr_line' id='line_1_18' title="bbox 165 1180 1374 1233; baseline 0.003 -16"><span class='ocrx_word' id='word_1_125' title='bbox 165 1182 355 1230; x_wconf 88' lang='lat' dir='ltr'>gentium</span> <span class='ocrx_word' id='word_1_126' title='bbox 391 1183 598 1231; x_wconf 88' lang='lat' dir='ltr'>principis,</span> <span class='ocrx_word' id='word_1_127' title='bbox 636 1180 818 1228; x_wconf 89' lang='lat' dir='ltr'>alterius,</span> <span class='ocrx_word' id='word_1_128' title='bbox 854 1182 1098 1233; x_wconf 85' lang='lat' dir='ltr'>iampridem</span> <span class='ocrx_word' id='word_1_129' title='bbox 1133 1184 1374 1228; x_wconf 86' lang='lat' dir='ltr'>iuventutis,</span> 
     </span>
     <span class='ocr_line' id='line_1_19' title="bbox 167 1237 1374 1290; baseline 0.004 -16"><span class='ocrx_word' id='word_1_130' title='bbox 167 1237 356 1275; x_wconf 87' lang='lat' dir='ltr'>celeriter</span> <span class='ocrx_word' id='word_1_131' title='bbox 382 1237 447 1289; x_wconf 89' lang='lat' dir='ltr'>(ut</span> <span class='ocrx_word' id='word_1_132' title='bbox 472 1238 608 1290; x_wconf 90' lang='lat' dir='ltr'>spero)</span> <span class='ocrx_word' id='word_1_133' title='bbox 635 1241 826 1277; x_wconf 87' lang='lat' dir='ltr'>civitatis.</span> <span class='ocrx_word' id='word_1_134' title='bbox 880 1239 945 1277; x_wconf 92' lang='lat' dir='ltr'>De</span> <span class='ocrx_word' id='word_1_135' title='bbox 971 1243 1232 1279; x_wconf 82' lang='lat' dir='ltr'>mercenariis</span> <span class='ocrx_word' id='word_1_136' title='bbox 1258 1241 1374 1279; x_wconf 80' lang='lat' dir='ltr'>testi·-</span> 
     </span>
     <span class='ocr_line' id='line_1_20' title="bbox 167 1294 1374 1342; baseline 0.004 -11"><span class='ocrx_word' id='word_1_137' title='bbox 167 1294 243 1332; x_wconf 91' lang='lat' dir='ltr'>bus</span> <span class='ocrx_word' id='word_1_138' title='bbox 283 1307 307 1332; x_wconf 86' lang='lat' dir='ltr'>a</span> <span class='ocrx_word' id='word_1_139' title='bbox 345 1297 427 1332; x_wconf 88' lang='lat' dir='ltr'>suis</span> <span class='ocrx_word' id='word_1_140' title='bbox 465 1295 700 1333; x_wconf 87' lang='lat' dir='ltr'>civitatibus</span> <span class='ocrx_word' id='word_1_141' title='bbox 738 1296 944 1342; x_wconf 85' lang='lat' dir='ltr'>notandis,</span> <span class='ocrx_word' id='word_1_142' title='bbox 982 1299 1059 1335; x_wconf 90' lang='lat' dir='ltr'>nisi</span> <span class='ocrx_word' id='word_1_143' title='bbox 1096 1299 1179 1335; x_wconf 87' lang='lat' dir='ltr'>iam</span> <span class='ocrx_word' id='word_1_144' title='bbox 1217 1294 1374 1336; x_wconf 69' lang='lat' dir='ltr'>factum</span> 
     </span>
    </p>
   </div>
   <div class='ocr_carea' id='block_1_5' title="bbox 171 1388 1374 1466">
    <p class='ocr_par' dir='ltr' id='par_1_5' title="bbox 171 1388 1374 1466">
     <span class='ocr_line' id='line_1_21' title="bbox 210 1388 1374 1466; baseline 0.004 -45"><span class='ocrx_word' id='word_1_145' title='bbox 210 1388 343 1466; x_wconf 56' lang='lat' dir='ltr'><em>:ldThis</em></span> <span class='ocrx_word' id='word_1_146' title='bbox 359 1389 390 1423; x_wconf 77' lang='lat' dir='ltr'>is</span> <span class='ocrx_word' id='word_1_147' title='bbox 404 1388 616 1422; x_wconf 75' lang='lat' dir='ltr'>Lehmann’s</span> <span class='ocrx_word' id='word_1_148' title='bbox 628 1390 825 1423; x_wconf 77' lang='lat' dir='ltr'>admirable</span> <span class='ocrx_word' id='word_1_149' title='bbox 835 1391 1007 1424; x_wconf 75' lang='lat' dir='ltr'>insertion</span> <span class='ocrx_word' id='word_1_150' title='bbox 1022 1404 1032 1425; x_wconf 70' lang='grc' dir='ltr'><em>ε</em></span> <span class='ocrx_word' id='word_1_151' title='bbox 1056 1391 1196 1431; x_wconf 69' lang='grc' dir='ltr'>Ιίεετεῑς</span> <span class='ocrx_word' id='word_1_152' title='bbox 1216 1391 1374 1427; x_wconf 83' lang='lat' dir='ltr'>ambitus</span> 
     </span>
     <span class='ocr_line' id='line_1_22' title="bbox 171 1443 270 1466; baseline -0.01 0"><span class='ocrx_word' id='word_1_153' title='bbox 171 1443 208 1466; x_wconf 86' lang='lat' dir='ltr'>co</span> <span class='ocrx_word' id='word_1_154' title='bbox 263 1458 270 1465; x_wconf 94' lang='lat'>.</span> 
     </span>
    </p>
   </div>
   <div class='ocr_carea' id='block_1_6' title="bbox 167 1568 1374 2091">
    <p class='ocr_par' dir='ltr' id='par_1_6' title="bbox 167 1568 1374 2091">
     <span class='ocr_line' id='line_1_23' title="bbox 213 1568 1374 1614; baseline 0.003 -14"><span class='ocrx_word' id='word_1_155' title='bbox 213 1573 229 1589; x_wconf 77' lang='lat'><em>⁰</em></span> <span class='ocrx_word' id='word_1_156' title='bbox 250 1568 363 1601; x_wconf 77' lang='lat' dir='ltr'>Laesa</span> <span class='ocrx_word' id='word_1_157' title='bbox 378 1579 418 1601; x_wconf 88' lang='lat' dir='ltr'>or</span> <span class='ocrx_word' id='word_1_158' title='bbox 436 1569 577 1601; x_wconf 78' lang='lat' dir='ltr'><em>minuta</em></span> <span class='ocrx_word' id='word_1_159' title='bbox 592 1569 758 1602; x_wconf 73' lang='lat' dir='ltr'>maiestas</span> <span class='ocrx_word' id='word_1_160' title='bbox 773 1570 931 1612; x_wconf 79' lang='lat' dir='ltr'>(usually</span> <span class='ocrx_word' id='word_1_161' title='bbox 946 1571 1112 1604; x_wconf 70' lang='lat' dir='ltr'>maiestas</span> <span class='ocrx_word' id='word_1_162' title='bbox 1131 1570 1251 1613; x_wconf 83' lang='lat' dir='ltr'>alone)</span> <span class='ocrx_word' id='word_1_163' title='bbox 1265 1571 1374 1614; x_wconf 83' lang='lat' dir='ltr'>being</span> 
     </span>
     <span class='ocr_line' id='line_1_24' title="bbox 170 1611 1374 1657; baseline 0.003 -13"><span class='ocrx_word' id='word_1_164' title='bbox 170 1623 193 1644; x_wconf 85' lang='lat' dir='ltr'>a</span> <span class='ocrx_word' id='word_1_165' title='bbox 214 1611 370 1654; x_wconf 83' lang='lat' dir='ltr'>vaguely</span> <span class='ocrx_word' id='word_1_166' title='bbox 386 1622 467 1645; x_wconf 90' lang='lat' dir='ltr'>com</span> <span class='ocrx_word' id='word_1_167' title='bbox 495 1612 677 1646; x_wconf 87' lang='lat' dir='ltr'>rehensive</span> <span class='ocrx_word' id='word_1_168' title='bbox 699 1616 801 1652; x_wconf 82' lang='lat' dir='ltr'>term,</span> <span class='ocrx_word' id='word_1_169' title='bbox 818 1613 1004 1656; x_wconf 82' lang='lat' dir='ltr'>including</span> <span class='ocrx_word' id='word_1_170' title='bbox 1024 1624 1096 1657; x_wconf 86' lang='lat' dir='ltr'>any</span> <span class='ocrx_word' id='word_1_171' title='bbox 1117 1617 1176 1647; x_wconf 87' lang='lat' dir='ltr'>act</span> <span class='ocrx_word' id='word_1_172' title='bbox 1198 1614 1374 1648; x_wconf 79' lang='lat' dir='ltr'>whatever</span> 
     </span>
     <span class='ocr_line' id='line_1_25' title="bbox 167 1655 1374 1699; baseline 0.004 -12"><span class='ocrx_word' id='word_1_173' title='bbox 167 1655 383 1698; x_wconf 83' lang='lat' dir='ltr'>derogatory</span> <span class='ocrx_word' id='word_1_174' title='bbox 397 1658 435 1688; x_wconf 93' lang='lat' dir='ltr'>to</span> <span class='ocrx_word' id='word_1_175' title='bbox 457 1658 472 1688; x_wconf 84' lang='lat' dir='ltr'>t</span> <span class='ocrx_word' id='word_1_176' title='bbox 498 1667 518 1689; x_wconf 93' lang='lat' dir='ltr'>e</span> <span class='ocrx_word' id='word_1_177' title='bbox 539 1656 693 1698; x_wconf 86' lang='lat' dir='ltr'>dignity,</span> <span class='ocrx_word' id='word_1_178' title='bbox 716 1667 756 1689; x_wconf 89' lang='lat' dir='ltr'>or</span> <span class='ocrx_word' id='word_1_179' title='bbox 777 1657 986 1699; x_wconf 85' lang='lat' dir='ltr'>prejudicial</span> <span class='ocrx_word' id='word_1_180' title='bbox 1008 1660 1046 1691; x_wconf 86' lang='lat' dir='ltr'>to</span> <span class='ocrx_word' id='word_1_181' title='bbox 1070 1657 1132 1691; x_wconf 84' lang='lat' dir='ltr'>the</span> <span class='ocrx_word' id='word_1_182' title='bbox 1154 1659 1314 1692; x_wconf 85' lang='lat' dir='ltr'>interests</span> <span class='ocrx_word' id='word_1_183' title='bbox 1334 1658 1374 1692; x_wconf 87' lang='lat' dir='ltr'>of</span> 
     </span>
     <span class='ocr_line' id='line_1_26' title="bbox 170 1698 1374 1745; baseline 0.003 -14"><span class='ocrx_word' id='word_1_184' title='bbox 170 1699 229 1731; x_wconf 79' lang='lat' dir='ltr'>the.</span> <span class='ocrx_word' id='word_1_185' title='bbox 247 1698 388 1732; x_wconf 83' lang='lat' dir='ltr'>Roman</span> <span class='ocrx_word' id='word_1_186' title='bbox 405 1699 542 1742; x_wconf 84' lang='lat' dir='ltr'>people‚</span> <span class='ocrx_word' id='word_1_187' title='bbox 559 1710 631 1732; x_wconf 86' lang='lat' dir='ltr'>was</span> <span class='ocrx_word' id='word_1_188' title='bbox 647 1710 668 1732; x_wconf 86' lang='lat' dir='ltr'>a</span> <span class='ocrx_word' id='word_1_189' title='bbox 688 1699 820 1743; x_wconf 84' lang='lat' dir='ltr'>charge</span> <span class='ocrx_word' id='word_1_190' title='bbox 838 1700 949 1743; x_wconf 88' lang='lat' dir='ltr'>easily</span> <span class='ocrx_word' id='word_1_191' title='bbox 965 1700 1070 1734; x_wconf 87' lang='lat' dir='ltr'>made</span> <span class='ocrx_word' id='word_1_192' title='bbox 1090 1700 1161 1735; x_wconf 87' lang='lat' dir='ltr'>and</span> <span class='ocrx_word' id='word_1_193' title='bbox 1180 1701 1374 1745; x_wconf 82' lang='lat' dir='ltr'>admitting</span> 
     </span>
     <span class='ocr_line' id='line_1_27' title="bbox 174 1742 1372 1784; baseline 0.003 -9"><span class='ocrx_word' id='word_1_194' title='bbox 174 1743 214 1775; x_wconf 88' lang='lat' dir='ltr'>of</span> <span class='ocrx_word' id='word_1_195' title='bbox 227 1753 273 1775; x_wconf 91' lang='lat' dir='ltr'>no</span> <span class='ocrx_word' id='word_1_196' title='bbox 288 1753 374 1784; x_wconf 88' lang='lat' dir='ltr'>very</span> <span class='ocrx_word' id='word_1_197' title='bbox 389 1744 538 1784; x_wconf 87' lang='lat' dir='ltr'>positive</span> <span class='ocrx_word' id='word_1_198' title='bbox 549 1742 707 1776; x_wconf 84' lang='lat' dir='ltr'>defence.</span> <span class='ocrx_word' id='word_1_199' title='bbox 756 1743 867 1783; x_wconf 89' lang='lat' dir='ltr'>Sulla,</span> <span class='ocrx_word' id='word_1_200' title='bbox 881 1743 1053 1783; x_wconf 86' lang='lat' dir='ltr'>however,</span> <span class='ocrx_word' id='word_1_201' title='bbox 1067 1745 1103 1778; x_wconf 91' lang='lat' dir='ltr'>in</span> <span class='ocrx_word' id='word_1_202' title='bbox 1117 1744 1171 1778; x_wconf 89' lang='lat' dir='ltr'>his</span> <span class='ocrx_word' id='word_1_203' title='bbox 1183 1744 1372 1779; x_wconf 82' lang='lat' dir='ltr'>Cornelian</span> 
     </span>
     <span class='ocr_line' id='line_1_28' title="bbox 175 1785 1372 1830; baseline 0.003 -12"><span class='ocrx_word' id='word_1_204' title='bbox 175 1786 278 1818; x_wconf 82' lang='lat' dir='ltr'>Laws</span> <span class='ocrx_word' id='word_1_205' title='bbox 306 1785 474 1819; x_wconf 86' lang='lat' dir='ltr'>intended</span> <span class='ocrx_word' id='word_1_206' title='bbox 501 1788 528 1819; x_wconf 88' lang='lat' dir='ltr'>it</span> <span class='ocrx_word' id='word_1_207' title='bbox 554 1789 591 1819; x_wconf 87' lang='lat' dir='ltr'>to</span> <span class='ocrx_word' id='word_1_208' title='bbox 617 1786 662 1820; x_wconf 87' lang='lat' dir='ltr'>be</span> <span class='ocrx_word' id='word_1_209' title='bbox 684 1790 722 1820; x_wconf 81' lang='lat' dir='ltr'>at</span> <span class='ocrx_word' id='word_1_210' title='bbox 744 1786 832 1820; x_wconf 83' lang='lat' dir='ltr'>least</span> <span class='ocrx_word' id='word_1_211' title='bbox 857 1787 1001 1821; x_wconf 87' lang='lat' dir='ltr'>definite</span> <span class='ocrx_word' id='word_1_212' title='bbox 1027 1788 1170 1830; x_wconf 81' lang='lat' dir='ltr'>enough</span> <span class='ocrx_word' id='word_1_213' title='bbox 1195 1790 1234 1822; x_wconf 86' lang='lat' dir='ltr'>to</span> <span class='ocrx_word' id='word_1_214' title='bbox 1258 1787 1372 1822; x_wconf 78' lang='lat' dir='ltr'>eheck</span> 
     </span>
     <span class='ocr_line' id='line_1_29' title="bbox 171 1829 1373 1873; baseline 0.002 -11"><span class='ocrx_word' id='word_1_215' title='bbox 171 1829 451 1862; x_wconf 86' lang='lat' dir='ltr'>indiscriminate</span> <span class='ocrx_word' id='word_1_216' title='bbox 476 1829 598 1872; x_wconf 86' lang='lat' dir='ltr'>public</span> <span class='ocrx_word' id='word_1_217' title='bbox 624 1832 875 1873; x_wconf 83' lang='lat' dir='ltr'>vituperation.</span> <span class='ocrx_word' id='word_1_218' title='bbox 921 1831 1046 1865; x_wconf 84' lang='lat' dir='ltr'>About</span> <span class='ocrx_word' id='word_1_219' title='bbox 1069 1832 1221 1865; x_wconf 69' lang='lat' dir='ltr'>ambitus</span> <span class='ocrx_word' id='word_1_220' title='bbox 1243 1842 1290 1865; x_wconf 89' lang='lat' dir='ltr'>on</span> <span class='ocrx_word' id='word_1_221' title='bbox 1312 1831 1373 1865; x_wconf 83' lang='lat' dir='ltr'>the</span> 
     </span>
     <span class='ocr_line' id='line_1_30' title="bbox 170 1873 1370 1918; baseline 0.003 -13"><span class='ocrx_word' id='word_1_222' title='bbox 170 1873 271 1906; x_wconf 89' lang='lat' dir='ltr'>other</span> <span class='ocrx_word' id='word_1_223' title='bbox 287 1873 395 1912; x_wconf 85' lang='lat' dir='ltr'>hand,</span> <span class='ocrx_word' id='word_1_224' title='bbox 411 1873 509 1906; x_wconf 85' lang='lat' dir='ltr'>there</span> <span class='ocrx_word' id='word_1_225' title='bbox 522 1884 593 1907; x_wconf 86' lang='lat' dir='ltr'>was</span> <span class='ocrx_word' id='word_1_226' title='bbox 606 1885 653 1907; x_wconf 92' lang='lat' dir='ltr'>no</span> <span class='ocrx_word' id='word_1_227' title='bbox 665 1885 862 1916; x_wconf 78' lang='lat' dir='ltr'>vagueness</span> <span class='ocrx_word' id='word_1_228' title='bbox 873 1877 911 1907; x_wconf 84' lang='lat' dir='ltr'>at</span> <span class='ocrx_word' id='word_1_229' title='bbox 923 1874 969 1908; x_wconf 81' lang='lat' dir='ltr'>all</span> <span class='ocrx_word' id='word_1_230' title='bbox 981 1887 990 1914; x_wconf 71' lang='grc' dir='ltr'><strong>ς</strong></span> <span class='ocrx_word' id='word_1_231' title='bbox 1015 1876 1042 1908; x_wconf 92' lang='lat' dir='ltr'>it</span> <span class='ocrx_word' id='word_1_232' title='bbox 1056 1875 1161 1908; x_wconf 90' lang='lat' dir='ltr'>could</span> <span class='ocrx_word' id='word_1_233' title='bbox 1179 1875 1224 1909; x_wconf 89' lang='lat' dir='ltr'>be</span> <span class='ocrx_word' id='word_1_234' title='bbox 1238 1874 1370 1918; x_wconf 85' lang='lat' dir='ltr'>proved</span> 
     </span>
     <span class='ocr_line' id='line_1_31' title="bbox 167 1915 1369 1961; baseline 0.003 -13"><span class='ocrx_word' id='word_1_235' title='bbox 167 1927 206 1948; x_wconf 94' lang='lat' dir='ltr'>or</span> <span class='ocrx_word' id='word_1_236' title='bbox 221 1915 430 1958; x_wconf 78' lang='lat' dir='ltr'>disproved;</span> <span class='ocrx_word' id='word_1_237' title='bbox 458 1916 560 1949; x_wconf 85' lang='lat' dir='ltr'>“and</span> <span class='ocrx_word' id='word_1_238' title='bbox 579 1916 695 1956; x_wconf 87' lang='lat' dir='ltr'>who‚&#39;&#39;</span> <span class='ocrx_word' id='word_1_239' title='bbox 711 1928 793 1960; x_wconf 88' lang='lat' dir='ltr'>says</span> <span class='ocrx_word' id='word_1_240' title='bbox 810 1918 944 1957; x_wconf 86' lang='lat' dir='ltr'>Cicero,</span> <span class='ocrx_word' id='word_1_241' title='bbox 962 1922 984 1936; x_wconf 78' lang='lat'>‘⁴</span> <span class='ocrx_word' id='word_1_242' title='bbox 996 1918 1059 1951; x_wconf 84' lang='lat' dir='ltr'>has</span> <span class='ocrx_word' id='word_1_243' title='bbox 1078 1929 1159 1952; x_wconf 90' lang='lat' dir='ltr'>ever</span> <span class='ocrx_word' id='word_1_244' title='bbox 1174 1918 1369 1961; x_wconf 82' lang='lat' dir='ltr'>impugned</span> 
     </span>
     <span class='ocr_line' id='line_1_32' title="bbox 168 1960 1370 2004; baseline 0.003 -12"><span class='ocrx_word' id='word_1_245' title='bbox 168 1970 259 2001; x_wconf 85' lang='lat' dir='ltr'>your</span> <span class='ocrx_word' id='word_1_246' title='bbox 285 1960 441 2001; x_wconf 88' lang='lat' dir='ltr'>political</span> <span class='ocrx_word' id='word_1_247' title='bbox 468 1960 647 2002; x_wconf 80' lang='lat' dir='ltr'>purity?’&#39;</span> <span class='ocrx_word' id='word_1_248' title='bbox 698 1961 748 1994; x_wconf 88' lang='lat' dir='ltr'>As</span> <span class='ocrx_word' id='word_1_249' title='bbox 770 1971 793 1993; x_wconf 85' lang='lat' dir='ltr'>a</span> <span class='ocrx_word' id='word_1_250' title='bbox 819 1964 946 1994; x_wconf 87' lang='lat' dir='ltr'>matter</span> <span class='ocrx_word' id='word_1_251' title='bbox 972 1962 1013 1994; x_wconf 86' lang='lat' dir='ltr'>of</span> <span class='ocrx_word' id='word_1_252' title='bbox 1038 1962 1112 1995; x_wconf 86' lang='lat' dir='ltr'>fact</span> <span class='ocrx_word' id='word_1_253' title='bbox 1136 1962 1275 2004; x_wconf 82' lang='lat' dir='ltr'>Appius</span> <span class='ocrx_word' id='word_1_254' title='bbox 1298 1973 1370 1996; x_wconf 81' lang='lat' dir='ltr'>was</span> 
     </span>
     <span class='ocr_line' id='line_1_33' title="bbox 167 2003 1371 2048; baseline 0.003 -13"><span class='ocrx_word' id='word_1_255' title='bbox 167 2003 242 2035; x_wconf 85' lang='lat' dir='ltr'>first</span> <span class='ocrx_word' id='word_1_256' title='bbox 257 2003 407 2036; x_wconf 85' lang='lat' dir='ltr'>accused</span> <span class='ocrx_word' id='word_1_257' title='bbox 421 2003 461 2036; x_wconf 90' lang='lat' dir='ltr'>of</span> <span class='ocrx_word' id='word_1_258' title='bbox 473 2004 650 2042; x_wconf 78' lang='lat' dir='ltr'>maiestas,</span> <span class='ocrx_word' id='word_1_259' title='bbox 666 2003 750 2042; x_wconf 85' lang='lat' dir='ltr'>and,</span> <span class='ocrx_word' id='word_1_260' title='bbox 764 2015 809 2037; x_wconf 92' lang='lat' dir='ltr'>on</span> <span class='ocrx_word' id='word_1_261' title='bbox 823 2004 932 2047; x_wconf 87' lang='lat' dir='ltr'>being</span> <span class='ocrx_word' id='word_1_262' title='bbox 943 2004 1137 2047; x_wconf 71' lang='lat' dir='ltr'>acqustted,</span> <span class='ocrx_word' id='word_1_263' title='bbox 1150 2016 1223 2039; x_wconf 74' lang='lat' dir='ltr'>was</span> <span class='ocrx_word' id='word_1_264' title='bbox 1234 2005 1371 2048; x_wconf 80' lang='lat' dir='ltr'>shortly</span> 
     </span>
     <span class='ocr_line' id='line_1_34' title="bbox 169 2046 1199 2091; baseline 0.004 -13"><span class='ocrx_word' id='word_1_265' title='bbox 169 2046 375 2079; x_wconf 83' lang='lat' dir='ltr'>afterwards</span> <span class='ocrx_word' id='word_1_266' title='bbox 391 2047 542 2079; x_wconf 87' lang='lat' dir='ltr'>accused</span> <span class='ocrx_word' id='word_1_267' title='bbox 560 2047 600 2079; x_wconf 84' lang='lat' dir='ltr'>of</span> <span class='ocrx_word' id='word_1_268' title='bbox 612 2048 776 2087; x_wconf 75' lang='lat' dir='ltr'>ambitus,</span> <span class='ocrx_word' id='word_1_269' title='bbox 793 2047 865 2080; x_wconf 84' lang='lat' dir='ltr'>and</span> <span class='ocrx_word' id='word_1_270' title='bbox 881 2050 990 2090; x_wconf 79' lang='lat' dir='ltr'>again</span> <span class='ocrx_word' id='word_1_271' title='bbox 1005 2048 1199 2091; x_wconf 80' lang='lat' dir='ltr'>acquitted.</span> 
     </span>
    </p>
   </div>
   <div class='ocr_carea' id='block_1_7' title="bbox 170 2102 249 2136">
    <p class='ocr_par' dir='ltr' id='par_1_7' title="bbox 170 2102 249 2136">
     <span class='ocr_line' id='line_1_35' title="bbox 170 2102 249 2136; baseline -0.013 0"><span class='ocrx_word' id='word_1_272' title='bbox 170 2102 249 2136; x_wconf 78' lang='lat'>234</span> 
     </span>
    </p>
   </div>
  </div>
 </body>
</html>
