1442 2392
677 147 881 186 CICERO

171 248 254 287 tale
272 249 448 288 scribere
466 263 643 300 possem,
661 256 735 288 aut
751 253 917 289 omnino
933 253 1130 302 cogitare.
1163 249 1379 302 Relinque-

170 319 293 357 batur
314 323 433 358 triste
455 321 663 372 quoddam
685 327 730 359 et
749 324 958 367 miserum,
980 327 1025 360 et
1045 321 1106 360 his
1126 320 1378 373 temporibus

172 396 495 429 consentaneum
517 405 648 443 genus
670 391 902 436 litterarum
919 405 930 438 ;
966 392 1010 431 id
1032 405 1196 445 quoque
1217 391 1379 431 deficie-

169 461 242 499 bat
269 474 365 508 me3
410 464 453 499 in
481 475 562 513 quo
589 462 773 501 debebat
800 476 889 501 esse
917 469 991 502 aut
1016 465 1228 514 promissio
1254 461 1377 507 auxili

168 531 350 578 alicuius,
372 538 446 570 aut
466 533 689 571 consolatio
711 533 859 572 doloris
881 536 957 572 tui.
1011 533 1133 582 Quod
1151 528 1377 585 pollicerer,

168 615 249 639 non
271 608 374 641 erat.
429 602 523 654 Ipse
546 606 669 650 enim,
690 606 778 655 pari
799 593 965 643 fortuna
986 604 1184 651 abiectus,
1206 604 1375 643 aliorum

167 673 311 723 opibus
333 687 448 712 casus
469 687 582 712 meos
603 675 903 721 sustentabam‚
924 678 1169 727 saepiusque
1189 675 1289 714 mihi
1307 688 1375 714 ve-

166 744 309 788 niebat
323 747 366 782 in
380 751 566 783 mentem
582 748 712 796 queri,
728 746 839 797 quod
853 749 913 785 ita
928 749 1121 793 viverem,
1137 752 1261 798 quam'
1274 759 1374 798 gau-

118 821 127 835 ·
166 815 278 861 dere,
317 816 428 866 quod
465 818 658 854 viverem.
712 816 974 869 Quamquam
1012 820 1121 855 enim
1159 817 1270 856 nulla
1304 828 1372 856 me

164 888 298 935 ipsum
334 888 527 937 privatim
563 887 723 938 pepulit
759 890 928 940 insignis
964 890 1124 935 iniuria,
1161 901 1238 927 nec
1272 887 1371 928 mihi

165 956 389 1007 quidquam
406 957 479 995 tali
495 963 682 1008 tempore
698 961 741 995 in
756 964 943 997 mentem
958 961 1072 998 venit
1087 965 1247 1010 optare,
1260 959 1371 1011 quod

163 1039 245 1064 non
271 1027 378 1065 ultro
406 1027 506 1065 mihi
535 1027 686 1066 Caesar
713 1028 924 1075 detulerit,
945 1035 1087 1067 tamen
1112 1030 1370 1069 nihilominus

163 1099 222 1135 eis
248 1097 437 1136 conficior
462 1101 581 1145 curis,
607 1104 655 1137 ut
679 1101 827 1150 ipsum,
854 1100 964 1151 quod
988 1113 1179 1142 maneam
1203 1103 1246 1138 in
1270 1103 1368 1150 vita,

162 1181 333 1218 peccare
366 1182 433 1206 me
468 1171 714 1208 existimem.
769 1170 898 1208 Careo
932 1173 1041 1209 enim
1073 1184 1166 1210 cum
1198 1171 1369 1211 familia-

161 1241 326 1277 rissimis
350 1239 504 1285 multis,
528 1253 629 1291 quos
654 1246 727 1278 aut
750 1254 857 1279 mors
882 1244 1032 1292 eripuit
1055 1242 1170 1281 nobis
1194 1248 1267 1281 aut
1288 1243 1368 1282 dis-

162 1312 290 1347 traxit
320 1309 434 1361 fuga,
465 1315 555 1348 tum
586 1311 774 1349 omnibus
805 1314 958 1358 amicis,
989 1325 1162 1363 quorum
1191 1313 1368 1352 benevo-

161 1379 332 1417 lentiam
355 1380 470 1418 nobis
493 1381 728 1420 conciliarat
749 1395 823 1432 per
846 1395 912 1420 me
936 1383 1157 1434 quondam,
1178 1389 1222 1422 te
1244 1387 1366 1431 socio,

161 1450 332 1488 defensa
365 1451 607 1502 respublica,
642 1465 860 1504 versorque
894 1456 937 1490 in
971 1467 1112 1492 eorum
1145 1454 1365 1507 naufragiis

161 1527 206 1559 et
234 1522 432 1560 bonorum
461 1522 787 1573 direptionibus3
830 1537 906 1562 nec
934 1524 1056 1563 audio
1083 1525 1228 1572 solum,
1255 1527 1365 1578 quod

159 1594 293 1643 ipsum
317 1599 427 1631 esset
449 1596 657 1639 miserum,
678 1594 752 1632 sed
775 1596 902 1632 etiam
922 1595 1054 1642 video,
1075 1609 1157 1647 quo
1180 1596 1279 1634 nihil
1300 1604 1363 1636 est

159 1663 344 1701 acerbius
374 1677 517 1701 eorum
545 1663 730 1703 fortunas
761 1665 961 1716 dissipari,
989 1667 1136 1717 quibus
1167 1681 1239 1706 nos
1268 1668 1360 1706 olim

158 1734 412 1772 adiutoribus
433 1734 533 1772 illud
552 1735 787 1773 incendium
808 1739 1079 1775 exstinximus
1097 1749 1107 1783 ;
1143 1743 1201 1785 et,
1220 1740 1263 1776 in
1282 1752 1364 1791 qua

158 1805 258 1842 urbe
290 1805 411 1843 modo
441 1808 590 1857 gratia,
621 1809 883 1853 auctoritate,
913 1807 1042 1859 gloria
1071 1807 1293 1856 floruimus,
1320 1812 1363 1849 in

157 1887 208 1913 ea
237 1889 345 1914 nunc
373 1878 421 1914 iis
452 1876 619 1927 quidem
649 1877 836 1915 omnibus
865 1891 1064 1917 caremus.
1117 1864 1363 1920 Obtinemus

206 2004 273 2055 '³¹¹1'
275 2005 329 2037 his
351 2005 459 2057 refers
477 2007 514 2038 to
534 2004 713 2047 Figulus's
732 2010 881 2048 support
901 2006 941 2039 of
959 2006 1082 2041 Cicero
1104 2009 1139 2041 in
1162 2008 1222 2042 the
1243 2009 1360 2044 Catili-

161 2058 286 2080 nanan
303 2058 526 2091 conspiracy.

163 2098 241 2138 306
