1442 2392
129 598 146 632 1

674 150 877 190 CICERO

748 323 808 362 VI

447 431 495 459 Μ.
521 432 560 458 Τ.
589 433 624 459 C.
651 432 684 458 S.
712 432 753 458 1).
779 433 900 458 APPIO
927 432 1113 461 PULCHRO

389 514 432 547 ln
450 515 574 547 itinere
590 524 653 556 per
671 514 952 557 Cappadociam,
969 526 1077 548 A.U.c.
1096 517 1174 551 708.

228 593 330 630 Cum
364 604 503 629 meum
535 590 692 629 factum
724 605 817 630 cum
850 598 923 630 tuo
955 606 1160 644 comparo,
1193 594 1272 632 etsi
1302 606 1384 632 non

175 657 306 705 magis
336 653 436 691 mihi
464 652 584 691 faveo
613 656 654 691 in
684 660 824 692 nostra
853 657 1033 693 amicitia
1062 655 1232 702 tuenda,
1261 669 1385 708 quam

176 718 266 763 tibi,
292 723 435 754 tamen
463 715 594 754 multo
622 720 753 768 magis
781 730 875 755 meo
903 716 1014 756 facto
1042 717 1239 765 delector,
1261 732 1386 771 quam

176 786 264 818 tuo.
317 779 408 830 Ego
436 781 545 817 enim
572 779 761 817 Brundisi
788 783 970 831 quaesivi
997 794 1049 819 ex
1077 780 1247 828 Phania,
1272 784 1386 821 cuius

176 842 276 881 mihi
307 842 476 880 videbar
505 847 550 880 et
579 841 824 880 fidelitatem
854 856 954 894 erga
982 849 1026 882 te
1055 847 1315 895 perspexisse
1342 850 1387 884 et

178 918 298 944 nosse
332 904 481 950 locum,
517 918 642 955 quem
678 905 789 955 apud
823 911 867 944 te
902 908 936 943 is
971 912 1151 953 teneret,
1186 921 1312 959 quam
1344 910 1388 946 in

177 973 342 1019 partem
373 969 605 1017 provinciae
638 970 817 1005 maxime
850 974 1019 1018 putaret
1052 974 1096 1007 te
1129 969 1234 1008 velle
1267 975 1316 1009 ut
1345 972 1388 1008 in

179 1029 438 1068 succedendo
475 1032 653 1080 primum
691 1032 887 1068 venirem.
942 1030 1046 1069 Cum
1083 1031 1151 1070 ille
1189 1031 1289 1070 mihi
1325 1044 1389 1071 re—

179 1091 426 1143 spondisset,
451 1091 551 1128 nihil
574 1104 641 1129 me
666 1092 742 1130 tibi
765 1095 923 1143 gratius
947 1092 1083 1131 facere
1107 1107 1241 1145 posse,
1266 1108 1390 1146 quam

182 1157 214 1193 si
263 1154 316 1192 ad
362 1152 501 1191 Sidam
549 1156 820 1205 navigassem,
863 1158 941 1193 etsi
996 1158 1130 1195 minus
1177 1157 1390 1209 dignitatis

182 1217 366 1255 habebat
389 1216 457 1253 ille
483 1216 699 1263 adventus,
725 1223 769 1255 et
794 1217 847 1255 ad
870 1218 1021 1256 multas
1045 1232 1110 1257 res
1135 1219 1234 1258 mihi
1258 1223 1391 1260 minus

183 1285 274 1317 erat
297 1284 433 1329 aptus,
456 1284 599 1316 tamen
619 1282 680 1317 ita
702 1293 769 1317 me
793 1279 877 1317 dixi
899 1280 1119 1320 facturum.
1173 1282 1291 1322 Idem
1313 1296 1392 1336 ego

183 1355 276 1380 cum
297 1341 345 1379 L.
366 1340 553 1378 Clodium
573 1341 774 1393 Corcyrae
794 1346 1088 1390 convenissem,
1108 1344 1317 1384 hominem
1332 1349 1393 1385 ita

184 1404 260 1442 tibi
295 1406 572 1449 coniunctum,
607 1409 655 1442 ut
688 1404 801 1450 mihi,
836 1418 928 1443 cum
962 1405 1031 1443 illo
1065 1420 1157 1445 cum
1192 1407 1394 1460 loquerer,

184 1472 323 1505 tecum
346 1465 458 1517 loqui
482 1465 654 1512 viderer,
682 1466 765 1504 dixi
796 1469 848 1513 ei,
877 1480 944 1505 me
972 1470 1033 1507 ita
1061 1467 1267 1508 facturum
1290 1483 1394 1517 esse,

185 1534 233 1567 ut
260 1531 301 1566 in
330 1540 423 1566 eam
450 1534 627 1578 partem,
656 1542 780 1579 quam
810 1528 965 1567 Phania
991 1537 1191 1582 rogasset,
1217 1535 1394 1584 primum

186 1593 382 1629 venirem.
434 1590 548 1628 Tunc
565 1590 647 1636 ille,
664 1591 763 1628 mihi
780 1605 873 1630 cum
889 1595 1044 1643 gratias
1062 1596 1230 1645 egisset,
1244 1609 1396 1648 magno
1439 1632 1442 1640 Α,

185 1666 311 1704 opere
332 1666 356 1691 a
375 1665 443 1690 me
462 1656 626 1703 petivit,
647 1659 694 1691 ut
715 1653 961 1693 Laodiceam
981 1658 1167 1706 protinus
1186 1660 1317 1705 irem;
1350 1664 1395 1698 te

185 1718 229 1754 in
254 1718 386 1766 prima
410 1718 617 1766 provincia
642 1716 746 1754 velle
773 1730 876 1763 esse,
902 1723 950 1755 ut
975 1731 1099 1769 quam
1123 1722 1301 1770 primum
1325 1721 1396 1760 de-

187 1779 383 1816 cederes·
373 1806 383 1824 ,
428 1781 541 1829 quin,
571 1781 647 1816 nisi
676 1792 755 1830 ego
783 1793 991 1818 successor
1019 1794 1166 1828 essem,
1195 1795 1320 1842 quem
1348 1789 1395 1823 tu

187 1853 358 1890 cuperes
380 1840 533 1886 videre,
553 1846 598 1879 te
619 1847 758 1887 antea,
780 1855 915 1893 quam
925 1843 1000 1881 tibi
1020 1857 1251 1883 successum
1272 1851 1396 1893 esset,

188 1903 451 1940 decessurum
469 1902 622 1949 fuisse3
655 1904 765 1954 quod
783 1905 949 1955 quidem
968 1911 1058 1944 erat
1074 1898 1397 1947 consentaneum

197 2042 228 2076 T
241 1999 370 2076 “Ofl“
382 2010 429 2033 on
454 2000 515 2033 the
539 2004 698 2034 extreme
714 2001 912 2045 (westerly)
928 2002 1021 2046 edge
1047 2004 1090 2037 of
1107 2003 1169 2037 the
1189 2003 1398 2048 provincess’

230 2054 312 2086 yrre

204 2100 278 2134 182

1433 1757 1442 1967 ἐ

1434 2019 1442 2169 3
