1442 2392
681 164 884 204 CICERO

172 286 260 319 sua,
289 272 363 311 sed
390 271 569 323 publica,
597 283 679 308 non
707 271 882 320 privato,
911 267 986 307 sed
1012 269 1056 306 in
1083 265 1247 319 publico
1275 261 1384 304 orbis

171 333 309 367 terrae
333 326 514 371 consilio,
537 325 581 363 id
605 330 670 363 est
693 326 736 361 in
759 328 922 369 senatu,
947 327 995 361 ut
1017 323 1172 373 gratias
1197 325 1384 372 agerent,

171 382 449 420 mittebantur
465 393 475 426 3
510 392 660 430 neque,
680 392 773 416 cum
794 377 918 423 edixi,
937 390 989 415 ne
1010 379 1100 428 quis
1118 377 1274 414 iniussu
1291 376 1385 413 meo

171 436 511 487 proficisceretur,
536 433 690 472 exclusi
714 445 798 478 eos,
823 434 893 483 qui
916 444 983 469 me
1007 433 1051 468 in
1073 435 1222 476 castra,
1246 434 1291 467 et
1313 429 1385 480 qui

173 496 286 529 trans
318 490 500 527 Taurum
531 489 722 539 persequi
756 499 839 524 non
870 484 1053 537 possen't.
1107 483 1215 522 Nam
1245 483 1289 522 id
1321 487 1386 521 est

172 547 353 582 maxime
376 546 419 581 in
444 545 526 581 tuis
550 542 700 580 litteris
724 540 956 579 ridendum.
1010 537 1121 587 Quid
1145 540 1256 576 enim
1281 541 1385 582 etat,

174 598 285 650 quod
303 611 371 636 me
393 601 742 648 persequerentur
766 598 810 633 in
833 600 982 639 castra,
999 593 1232 631 Taurumve
1254 596 1390 630 trans-e

172 656 295 698 irent,
318 666 412 690 cum
441 664 519 703 ego
549 650 755 688 Laodicea
777 661 907 700 usque
935 648 989 686 ad
1012 647 1197 686 Iconium
1223 648 1306 684 iter
1325 647 1387 687 ita

173 707 356 752 fecerim,
378 712 425 744 ut
445 719 512 743 me
534 707 717 743 omnium
736 703 897 741 illarum
917 702 1181 747 dioecesium,
1201 712 1309 752 quae
1329 701 1386 749 cis

173 761 354 799 Taurum
384 765 494 805 sunt,
525 761 791 809 omniumque
822 770 964 795 earum
993 758 1209 794 civitatum
1237 755 1386 805 magis'-

174 821 307 854 tratus
324 815 638 866 legationesque
656 814 923 851 convenirent
940 811 955 848 ?
1011 810 1098 848 Nisi
1114 808 1223 848 forte
1239 813 1387 859 postea

173 875 400 920 coeperunt
434 869 588 919 legare,
623 880 748 918 quam
783 878 861 917 ego
894 865 1076 902 Taurum
1108 869 1387 914 transgressus

173 937 264 962 sum
282 936 292 970 ;
325 923 435 974 quod
452 928 565 961 certe
583 935 665 959 non
681 923 742 959 ita
759 925 838 958 est.
891 919 996 958 Cum
1013 920 1124 956 enim
1142 915 1387 962 Laodiceae,

174 992 267 1016 cum
292 978 520 1028 Apameae,
545 990 639 1014 cum
664 974 882 1027 Synnadis,
906 987 1000 1012 cum
1027 971 1268 1017 Philomelii,
1293 966 1387 1009 erim

175 1032 302 1070 Iconii
322 1045 469 1077 essem,
490 1031 637 1082 quibus
657 1033 698 1067 in
718 1028 878 1080 oppidis
901 1028 1090 1066 omnibus
1112 1029 1388 1065 commoratus

175 1100 280 1132 sum,
300 1099 442 1124 omnes
470 1088 553 1123 iam
571 1087 688 1122 istius
717 1085 880 1135 generis
907 1077 1137 1133 legationes
1157 1084 1276 1118 erant
1294 1090 1388 1130 con-

174 1143 363 1179 stitutae.
416 1140 558 1191 Atque
578 1138 655 1177 hoc
674 1144 817 1176 tamen
836 1142 880 1175 te
901 1139 1002 1174 scire
1023 1135 1128 1181 volo,
1146 1147 1214 1172 me
1234 1133 1287 1172 de
1305 1135 1388 1171 isto

175 1201 344 1246 sumptu
377 1194 632 1246 legationum
666 1197 740 1231 aut
772 1190 996 1229 minuendo
1029 1195 1104 1228 aut
1135 1186 1388 1227 remittendo

175 1249 404 1288 decrevisse
429 1248 543 1294 nihil,
567 1249 644 1285 nisi
669 1246 780 1298 quod
803 1248 1008 1296 principes
1032 1246 1247 1282 civitatum
1272 1254 1296 1280 a
1316 1240 1387 1279 me

175 1303 467 1355 postulassent,
487 1315 540 1340 ne
563 1304 606 1339 in
628 1301 910 1339 venditionem
932 1299 1182 1337 tributorum
1205 1301 1250 1335 et
1276 1294 1387 1334 illam

175 1358 479 1396 acerbissimam
494 1358 753 1394 exactionem
769 1354 911 1406 (quam
925 1359 973 1392 tu
987 1366 1070 1391 non
1083 1350 1264 1404 ignoras)
1279 1351 1387 1400 capi-

174 1418 265 1450 tum
295 1417 422 1463 atque
453 1413 650 1449 ostiorum
679 1409 973 1447 inducerentur
1001 1411 1190 1457 sumptus
1217 1406 1386 1443 minime

175 1469 407 1504 necessarii.
460 1465 551 1517 Ego
583 1470 725 1502 autem
757 1477 850 1501 cum
882 1462 959 1501 hoc
990 1462 1274 1511 suscepissem,
1304 1469 1387 1496 non

175 1521 305 1559 solum
333 1522 506 1566 iustitia,
534 1519 608 1557 sed
636 1521 764 1556 etiam
792 1515 1068 1555 misericordia
1096 1514 1312 1559 adductus,
1339 1515 1388 1550 ut

227 1687 242 1703 ⁰
264 1682 373 1715 What
394 1681 517 1714 Cicero
534 1690 646 1712 seems
663 1681 701 1711 to
717 1689 822 1711 mean
838 1679 868 1710 is
884 1677 974 1716 that,
991 1687 1031 1710 so
1048 1675 1106 1709 far
1123 1675 1218 1709 from
1234 1673 1388 1715 wishing

181 1728 220 1758 to
235 1726 510 1758 inconvenience
524 1723 628 1756 those
643 1722 723 1755 who
739 1720 878 1756 desired
895 1721 949 1754 his
967 1723 990 1738 ‘⁴
1001 1719 1131 1762 permit
1142 1718 1162 1732 ’'
1181 1717 1231 1762 by
1245 1717 1388 1759 forcing

180 1780 203 1802 a
222 1769 308 1810 long
327 1768 481 1810 journey
497 1777 595 1809 upon
614 1766 725 1804 them,
742 1765 788 1798 he
808 1764 878 1797 had
900 1764 1004 1797 made
1023 1762 1204 1797 elaborate
1220 1770 1388 1804 arrange-

183 1815 298 1846 ments
313 1811 370 1844 for
385 1811 516 1844 meetin
558 1810 657 1843 them
673 1812 711 1842 at
725 1808 869 1842 various
886 1806 1016 1850 places.

229 1855 242 1875 ⁶
266 1855 342 1888 The
363 1855 462 1887 three
484 1853 505 1867 “
545 1852 712 1891 ioceses‚”
739 1851 886 1893 Cibyra,
906 1850 1083 1893 Apamea,
1105 1847 1177 1882 and
1199 1846 1386 1890 Synnada,

181 1899 349 1941 properly
364 1898 562 1939 belonging
577 1899 614 1929 to
631 1896 691 1929 the
709 1896 876 1937 province
894 1894 934 1927 of
956 1894 1055 1932 Asia,
1073 1892 1139 1925 but
1154 1890 1387 1934 temporarily

180 1942 298 2018 zdeed
315 1946 352 1975 to
364 1942 443 1975 that
455 1940 495 1974 of
509 1940 645 1974 Cilim'a.
683 1939 785 1980 They
797 1949 888 1971 were
900 1935 1157 1979 subsequently
1166 1933 1334 1977 assigned
1349 1936 1387 1968 to

221 1997 285 2018 sra.

230 2034 243 2050 ⁰
266 2028 342 2062 The
365 2027 466 2061 lettin
509 2025 550 2060 of
570 2026 631 2060 the
647 2025 820 2058 tributum
842 2024 893 2066 by
917 2023 978 2057 the
1002 2021 1103 2057 State
1126 2024 1164 2055 to
1184 2019 1373 2064 publicani

181 2072 296 2104 which
318 2082 462 2105 occurre
508 2070 611 2103 when
633 2069 693 2103 the
714 2067 894 2107 Cilicians,
916 2067 996 2100 who
1017 2064 1196 2109 normally
1215 2044 1386 2098 collected

185 2129 266 2164 202
