1442 2392
651 137 854 179 CICERO

145 244 242 293 quia
262 255 358 280 curo
379 242 650 294 attendoque,
670 249 850 294 possum,
870 243 914 282 id
934 245 1010 283 tibi
1030 245 1185 284 affirmo
1203 258 1213 284 ε
1247 251 1292 285 te
1310 248 1352 284 in

148 325 232 362 istis
253 323 464 370 molestiis,
484 326 526 362 in
547 325 694 375 quibus
716 338 759 363 es
780 324 857 364 hoc
876 331 1079 378 tempore,
1099 341 1182 366 non
1200 328 1352 368 diutius

143 404 354 451 futurum3
392 408 435 443 in
457 408 505 444 iis
530 412 686 452 autem,
709 409 752 444 in
777 408 924 458 quibus
949 411 1076 446 etiam
1099 422 1173 448 nos
1199 423 1351 456 summ,

143 486 316 525 fortasse
348 500 512 538 semper
542 486 644 526 fore.
697 487 849 527 Videor
879 489 979 528 mihi
1010 493 1243 543 perspicere
1272 495 1352 543 pri-

142 583 256 607 mum
281 571 407 620 ipsius
434 572 629 615 animum,
656 573 726 621 qui
752 570 972 621 plurimum
997 578 1153 623 potest,
1177 586 1352 627 propen-

142 665 232 689 sum
253 651 306 689 ad
324 651 500 690 salutem
520 658 650 691 tuam.
690 652 782 690 Non
801 654 932 692 scribo
952 654 1028 693 hoc
1047 660 1221 695 temere.
1258 655 1350 704 Quo

141 736 275 771 minus
316 732 525 772 familiaris
567 747 671 780 sum,
702 734 778 773 hoc
811 749 901 773 sum
934 736 988 774 ad
1018 738 1349 789 investigandum

141 817 346 854 curiosior.
399 814 492 863 Quo
522 814 693 862 facilius,
725 817 872 868 quibus
905 823 969 856 est
998 820 1153 866 iratior,
1183 810 1349 871 respon-

140 897 239 935 dere
275 899 431 935 tristius
467 900 609 948 possit,
645 897 722 937 hoc
757 905 822 937 est
858 898 991 938 adhue
1026 900 1181 939 tardior
1217 901 1270 940 ad
1303 907 1348 941 te

139 979 329 1017 molestia
367 978 639 1018 liberandum.
693 979 929 1019 Familiares
971 994 1067 1020 vero
1108 985 1195 1022 eius
1237 989 1281 1022 et
1319 986 1346 1022 ii

140 1059 322 1111 quidem,
337 1063 407 1111 qui
429 1060 485 1098 illi
504 1061 782 1099 iucundissimi
797 1068 907 1108 sunt,
922 1063 1163 1102 mirabiliter
1176 1064 1229 1103 de
1244 1070 1288 1103 te
1303 1071 1348 1104 et

138 1141 363 1192 loquuntur
377 1147 420 1179 et
434 1144 634 1180 sentiunt.
686 1142 860 1181 Accedit
875 1143 1021 1183 eodem
1035 1144 1146 1197 vulgi
1160 1145 1346 1186 voluntas

139 1222 204 1261 vel
218 1225 355 1274 potius
371 1236 590 1262 consensus
607 1227 802 1263 omnium.
855 1225 994 1264 Etiam
1009 1226 1092 1272 illa,
1108 1239 1214 1279 quae
1230 1231 1347 1267 mini-

137 1318 251 1342 mum
282 1318 390 1342 nunc
421 1304 588 1356 quidem
619 1311 773 1355 potest,
804 1306 878 1345 sed
907 1310 1037 1357 possit
1067 1321 1235 1348 necesse
1267 1315 1344 1357 est,

135 1385 379 1437 respublica,
411 1399 689 1437 quascumque
721 1390 825 1426 vires
857 1387 1042 1435 habebit,
1073 1390 1126 1428 ab
1155 1393 1203 1429 iis
1233 1393 1344 1442 ipsis,

136 1468 283 1519 quibus
314 1473 496 1514 tenetur,
526 1468 579 1506 de
610 1474 654 1507 te
684 1470 924 1520 propediem
956 1470 1071 1522 (mihi
1101 1472 1241 1524 crede)
1270 1475 1344 1511 im—

135 1549 332 1600 petrabit.
386 1548 527 1587 Redeo
562 1552 689 1600 igitur
724 1550 777 1588 ad
812 1551 868 1596 id,
905 1557 953 1590 ut
987 1555 1069 1590 iam
1105 1553 1182 1591 tibi
1217 1557 1344 1594 etiam

134 1630 327 1681 pollicear
359 1630 526 1682 aliquid,
555 1631 666 1682 quod
702 1634 834 1682 primo
871 1636 1102 1673 omiseram.
1155 1634 1262 1674 Nam
1299 1642 1343 1675 et

134 1712 384 1762 complectar
417 1714 503 1750 eius
538 1711 883 1760 familiarissimos,
917 1718 987 1766 qui
1020 1728 1087 1754 me
1122 1716 1342 1756 admodum

134 1793 312 1845 diligunt
338 1794 598 1845 multumque
626 1807 788 1833 meeum
816 1801 926 1842 sunt,
955 1802 999 1834 et
1026 1799 1069 1835 in
1095 1800 1221 1848 ipsius
1248 1812 1342 1837 con-

132 1875 409 1921 suetudinem,
437 1889 561 1926 quam
591 1875 724 1914 adhuc
751 1889 867 1914 meus
895 1878 1027 1928 pudor
1054 1878 1153 1917 mihi
1181 1879 1340 1927 clausit,

132 1956 347 1994 insinuabo
385 1962 429 1995 et
466 1962 579 1995 certe
617 1970 758 1996 omnes
797 1960 881 1997 vias
917 1971 1155 2011 persequar,
1193 1961 1339 2013 quibus

136 2095 215 2132 810
