1442 2392
693 150 897 190 CICERO

193 268 294 307 quos
318 255 493 295 favendo
517 258 558 294 in
582 259 787 295 communi
812 270 934 296 eausa
956 260 1136 297 retinere
1159 264 1401 310 potuerunt,

191 337 412 376 invidendo
443 338 756 384 abalienarunt3
802 353 975 391 quorum
1005 339 1399 380 malevolentissimis

191 419 560 458 obtrectationibus
604 433 677 458 nos
722 422 823 459 scito
867 421 919 460 de
963 426 1105 460 vetere
1146 421 1217 460 illa
1258 427 1400 461 nostra

191 500 467 552 diuturnaque
491 504 699 540 sententia
721 515 848 553 prope
871 505 954 541 iam
977 516 1066 541 esse
1089 502 1294 555 depulsos,
1316 517 1399 542 non

188 595 261 620 nos
283 582 451 633 quidem
470 588 518 621 ut
537 589 701 621 nostrae
724 564 937 635 dignitatis
960 587 1084 623 simus
1106 584 1237 631 obliti,
1255 585 1330 624 sed
1350 591 1399 624 ut

190 662 415 702 habeamus
431 667 634 703 rationem
651 665 870 717 aliquando
887 669 1014 705 etiam
1030 666 1185 705 salutis.
1229 665 1399 706 Poterat

190 751 411 796 utrumque
446 746 669 797 praeclare,
705 749 739 785 si
775 753 885 786 esset
921 741 1038 794 fides,¹
1071 750 1105 786 si
1140 750 1320 800 gravitas
1354 751 1398 787 in

189 826 420 865 hominibus
446 828 723 866 consularibus
743 841 753 875 ;
794 828 868 868 sed
891 835 1012 868 tanta
1037 835 1101 868 est
1125 832 1168 868 in
1192 818 1398 882 plerisque

188 907 348 954 levitas,
384 914 432 947 ut
469 922 539 947 eos
574 923 656 948 non
694 916 781 949 tam
827 913 1059 950 constantia
1103 914 1146 949 in
1189 911 1398 963 republica

151 996 172 1027 8
192 996 332 1028 nostra
358 989 553 1037 delectet,
580 1005 704 1043 quam
733 992 924 1043 splendor
952 992 1148 1031 offendat.
1201 993 1323 1041 Quod
1347 1006 1398 1032 eo

187 1072 352 1110 liberius
373 1072 426 1111 ad
450 1078 494 1111 te
514 1075 659 1119 scribo,
683 1076 753 1125 qui
787 1088 869 1114 non
896 1076 1027 1114 solum
1046 1075 1300 1126 temporibus
1320 1073 1398 1122 his,

187 1167 293 1205 quae
327 1167 401 1205 per
433 1160 477 1193 te
511 1169 600 1193 sum
635 1155 825 1207 adeptus,
858 1156 932 1195 sed
963 1159 1046 1195 iam
1079 1157 1175 1195 olim
1208 1160 1393 1197 nascenti

187 1249 313 1287 prope
334 1243 498 1274 nostrae
518 1236 628 1275 laudi
649 1237 925 1289 dignitatique
945 1237 1081 1276 favisti
1099 1252 1110 1285 ;
1145 1239 1264 1277 simul
1284 1239 1394 1291 quod

188 1318 320 1364 video,
335 1331 431 1364 non,
447 1324 494 1356 ut
509 1319 684 1357 antehae
699 1320 913 1370 putabam,
928 1322 1101 1359 novitati
1117 1334 1205 1359 esse
1220 1323 1393 1360 invisum

186 1413 330 1446 meae3
397 1402 440 1438 in
476 1406 521 1439 te
559 1403 682 1447 enim,
711 1401 876 1439 homine
914 1405 1096 1441 omnium
1131 1402 1392 1450 nobilissimo,
1423 1421 1426 1424 ’

187 1481 331 1519 similia
361 1482 589 1521 invidorum
619 1485 718 1522 vitia
747 1486 966 1534 perspexi:
1011 1497 1134 1536 quem
1164 1490 1306 1523 tamen
1334 1484 1391 1523 illi

186 1576 275 1601 esse
303 1565 347 1601 in
375 1565 623 1615 principibus
653 1563 771 1603 facile
802 1571 898 1603 sunt
926 1569 1048 1616 passi,
1078 1565 1239 1604 evolare
1269 1565 1390 1605 altius

184 1650 297 1683 certe
333 1645 567 1684 noluerunt.
633 1646 804 1684 Gaudeo
841 1652 956 1685 tuam
992 1646 1227 1685 dissimilem
1265 1646 1390 1686 fuisse

183 1724 419 1773 fortunam3
465 1727 641 1765 multum
672 1730 781 1765 enim
811 1731 999 1774 interest,
1029 1734 1168 1767 utrum
1196 1727 1284 1767 laus
1315 1731 1389 1768 im-

181 1809 404 1853 minuatur,
431 1821 483 1846 an
509 1808 615 1847 salus
642 1809 868 1847 deseratur.
924 1809 997 1848 Me
1022 1822 1141 1848 meae
1166 1815 1309 1848 tamen
1333 1823 1387 1849 ne

181 1891 300 1926 nimis
320 1892 567 1940 poeniteret,
587 1896 661 1928 tua
680 1893 832 1929 virtute
852 1890 1081 1941 perfectum
1101 1896 1179 1930 est.
1225 1891 1385 1931 Curasti

185 2104 236 2139 34
