1442 2392
131 1428 172 1461 10

705 167 909 208 CICERO

199 285 245 311 sc
262 278 400 323 putat,
418 285 512 312 cum
530 278 706 324 uterque
724 279 911 311 nostrum
927 278 1042 312 recte
1059 271 1220 319 fecerit,
1236 271 1410 317 sedenon

199 329 311 368 idem
336 336 512 381 uterque
538 336 704 368 secutus
726 333 795 376 sit,
815 330 923 368 hunc
952 343 1030 382 ego
1054 333 1232 370 amicum
1255 329 1410 369 habere

202 400 283 424 non
314 401 425 426 curo.
479 387 724 425 Liberalitas
756 394 843 434 tua,
875 393 923 427 ut
954 388 1128 427 hominis
1159 388 1411 434 nobilissimi,

201 444 323 483 latius
348 447 391 482 in
416 447 624 495 provincia
648 447 813 495 patuit;
853 451 994 484 nostra
1019 448 1052 484 si
1077 448 1290 497 angustior
1313 445 1411 498 (etsi

201 502 253 540 de
287 508 361 540 tua
393 502 552 552 prolixa
584 502 853 554 beneficaque
886 509 1036 541 natura
1066 503 1224 542 limavit
1257 502 1411 556 aliqui‘d

201 562 402 610 posterior
433 573 578 606 annus,
609 566 779 611 propter
810 561 1032 612 quamdam
1063 563 1275 600 tristitiam
1304 567 1411 601 tem·

199 618 377 669 porum),
402 631 485 655 non
509 618 666 656 debent
690 621 827 656 mirari
852 618 1051 665 homines,
1075 632 1169 657 cum
1194 625 1239 658 et
1261 625 1411 670 natura

200 688 364 726 semper
388 675 442 714 ad
468 675 727 727 largiendum
756 689 807 714 ex
836 676 969 714 alieno
997 676 1146 715 fuerim
1172 679 1411 724 restriction

200 737 245 770 et
282 732 551 783 temporibus,
589 733 737 783 quibus
775 732 843 770 alii
879 739 1111 779 moventur,
1147 733 1294 772 iisdem
1331 747 1410 788 ego

200 803 393 828 movear:

387 876 469 910 med
486 887 562 910 esse
578 876 748 909 acerbum
764 876 845 915 sibi,
862 879 903 910 ut
918 877 987 910 sim
1002 876 1116 911 dulcis
1133 877 1233 912 mihi.

201 962 266 1001 De
298 964 420 1001 rebus
452 963 617 1001 urbanis
649 962 760 1014 quod
790 975 857 1001 me
889 966 1106 1002 certiorem
1136 963 1284 1011 fecisti,
1315 959 1409 1004 cum

199 1034 274 1072 per
299 1033 343 1058 se
369 1019 468 1058 mihi
493 1026 659 1071 gratum
684 1019 778 1066 fuit,
803 1026 894 1059 tum
920 1021 1031 1072 quod
1055 1021 1307 1074 significasti,
1332 1021 1408 1062 tibi

199 1080 337 1116 omnia
366 1090 460 1115 mea
489 1077 687 1116 mandata
716 1091 838 1116 curae
867 1077 970 1117 fore.
1024 1077 1074 1117 In
1103 1079 1251 1130 quibus
1282 1092 1408 1118 unum

198 1135 300 1173 illud
316 1141 360 1173 te
377 1137 598 1186 praecipue
614 1148 729 1186 rogo,
747 1141 794 1174 ut
811 1149 942 1182 cures,
959 1149 1012 1174 ne
1030 1137 1130 1188 quid
1145 1136 1245 1176 mihi
1263 1137 1316 1176 ad
1332 1136 1408 1176 hoc

200 1195 342 1244 negoti
363 1198 435 1230 aut
454 1195 588 1230 oneris
612 1193 783 1231 accedat
806 1199 880 1232 aut
898 1197 1110 1245 temporis,
1124 1194 1406 1234 Hortensium·

200 1264 296 1302 que,
324 1255 509 1288 nostrum
537 1250 737 1301 collegam
766 1256 811 1288 et
838 1249 1096 1298 familiarem,
1123 1265 1258 1304 roges,
1285 1258 1347 1299 ut,
1373 1254 1407 1292 si

200 1321 396 1359 umquam
419 1320 514 1346 mea
537 1321 660 1346 causa
684 1308 910 1359 quidquam
934 1314 1008 1347 aut
1031 1311 1174 1356 sensit,
1197 1316 1271 1349 aut
1293 1309 1406 1357 fecit,

199 1365 252 1403 de
278 1365 355 1403 hac
381 1378 545 1416 quoque
571 1368 780 1403 sententia
806 1366 917 1403 bima
942 1366 1146 1413 decedat3
1187 1370 1284 1419 quia
1308 1367 1408 1406 mihi

199 1422 298 1460 nihil
325 1428 465 1473 potest
494 1435 583 1460 esse
610 1424 825 1461 inimicius.
878 1422 944 1460 De
972 1425 1120 1462 nostris
1147 1425 1270 1463 rebus
1298 1425 1408 1477 quod

198 1482 299 1517 scire
322 1481 394 1524 vis,
415 1478 540 1516 Tarso
570 1478 696 1517 Nonis
725 1478 895 1517 Octobr.
924 1479 1131 1518 Amanum
1157 1493 1296 1520 versus
1315 1494 1408 1533 pro-

197 1535 298 1574 fecti
327 1549 480 1574 sumus.
533 1535 649 1573 Haec
677 1538 818 1587 scripsi
845 1537 1043 1586 postridie
1073 1539 1160 1576 eius
1188 1537 1285 1585 diei,
1313 1552 1406 1578 cum

198 1599 331 1632 castra
345 1592 541 1631 haberem
554 1595 596 1630 in
609 1606 708 1644 agro
723 1592 1049 1643 Mopsuhestiae.
1101 1593 1144 1632 Si
1156 1595 1255 1646 quid
1268 1607 1406 1648 egero,

198 1650 372 1687 scribam
405 1649 458 1687 ad
491 1655 562 1695 te;
609 1662 746 1700 neque
779 1650 946 1688 domum
978 1664 1175 1702 umquam
1207 1652 1261 1690 ad
1292 1664 1406 1704 meos

196 1706 357 1745 litteras
381 1709 560 1751 mittam,
585 1709 684 1757 quin
709 1706 930 1758 adiungam
955 1719 1039 1754 eas,
1064 1720 1165 1759 quas
1188 1708 1265 1747 tibi
1289 1708 1405 1749 reddi

248 1857 264 1872 ⁰
289 1851 359 1884 Lit.
377 1851 398 1865 ‘⁴
415 1851 553 1893 though
596 1862 667 1908 our,
676 1851 807 1885 second
824 1863 910 1894 year
925 1851 967 1886 of
978 1852 1079 1886 office
1094 1852 1176 1886 filed
1200 1824 1400 1898 something⁴

201 1895 339 1971 ‘’ff-‘’yfrli1
343 1905 468 1971 Γοῖῑξέιξι
469 1894 641 1971 Ἑζξᾱεεέ,
649 1898 739 1971 ῒὴῗέ
742 1919 764 1970 '1
787 1937 834 1971 do
855 1949 917 1980 my
937 1938 1029 1981 duty
1047 1942 1086 1972 at
1105 1939 1166 1973 the
1186 1942 1262 1973 eost
1282 1939 1324 1973 of
1339 1950 1401 1985 my

199 1982 406 2024 popularity
426 1985 464 2015 to
485 1981 612 2023 satisfy
634 1992 696 2023 my
718 1992 798 2014 own
820 1981 1063 2015 conscience.”
1113 1982 1146 2015 It
1169 1983 1198 2016 is
1219 1982 1402 2018 doubtloes

199 2040 253 2106 {pr
270 2029 404 2106 {guibic
429 2029 600 2066 senarius,
626 2027 692 2060 but
717 2026 806 2059 hard
832 2030 869 2059 to
893 2037 991 2065 scau,
1018 2027 1135 2061 unless
1161 2038 1214 2061 we
1238 2027 1323 2063 read
1347 2028 1404 2063 uta·

201 2129 274 2164 208
