1442 2392
685 148 890 187 CICERO

193 253 305 291 enim
331 254 455 290 animi
480 252 663 291 inductio
689 258 734 291 et
758 252 992 291 mehercule
1018 266 1132 291 amor
1157 266 1269 305 erga
1284 252 1402 292 Pom·

194 320 334 368 peium
364 317 474 368 apud
503 330 569 355 me
599 317 724 363 valet,
755 323 816 363 ut,
846 331 952 369 quae
981 317 1039 356 illi
1069 318 1186 356 utilia
1215 309 1326 364 sunt,
1357 322 1402 371 et

194 395 299 433 quae
323 382 390 420 ille
410 382 512 428 vult,
533 395 622 420 esse
646 383 745 420 mihi
769 385 906 421 omnia
925 385 1007 421 iam
1032 388 1076 422 et
1098 389 1213 422 recta
1237 389 1281 422 et
1304 387 1401 422 vera

195 447 425 486 videantur.
493 447 653 499 Neque,
693 453 740 486 ut
779 461 857 499 ego
897 449 1084 494 arbitror,
1124 455 1309 487 errarent
1349 461 1402 488 ne

194 512 414 550 adversarii
456 513 623 564 quidem
665 516 765 559 eius,
806 516 854 559 si,
894 527 987 551 cum
1026 527 1146 565 pares
1187 527 1276 552 esse
1317 527 1401 552 non

154 583 175 615 3
194 583 376 628 possent,
414 591 598 630 pugnare
637 578 898 617 desisterent.
954 578 1028 617 Me
1066 579 1233 630 quidem
1275 581 1402 618 etiam

193 642 262 680 illa
282 656 347 681 res
370 643 614 689 consolatur,
637 643 747 695 quod
769 657 847 695 ego
868 646 901 682 is
924 657 1028 690 sum,
1050 646 1114 682 cui
1136 643 1201 682 vel
1221 646 1401 683 maxime

194 708 423 747 concedant
451 722 607 754 omnes,
636 715 684 747 ut
711 709 776 747 vel
805 722 854 747 ea
882 708 1118 755 defendam,
1147 723 1253 761 quae
1283 709 1402 748 Pom-

194 776 309 824 peius
345 773 457 819 velit,
493 774 558 812 vel
591 780 767 820 taceam,
802 774 868 812 vel
903 777 1043 820 etiam,
1077 775 1121 813 id
1155 774 1266 826 quod
1300 774 1399 813 mihi

194 841 373 878 maxime
403 839 534 886 lubet,
565 839 619 878 ad
649 846 788 878 nostra
817 853 884 878 me
916 840 1053 879 studia
1081 839 1259 879 referam
1289 840 1401 880 litte-

195 917 360 951 rarum3
403 905 514 956 quod
538 904 723 956 profecto
749 904 911 951 faciam,
937 908 970 944 si
995 905 1095 944 mihi
1119 918 1194 957 per
1219 905 1404 945 eiusdem

197 972 420 1008 amicitiam
462 970 617 1009 licebit.
671 970 788 1019 Quae
834 974 943 1009 enim
986 973 1196 1022 proposita
1238 969 1405 1010 fuerant

196 1035 326 1080 nobis,
362 1049 454 1073 cum
488 1042 533 1074 et
570 1035 789 1075 honoribus
828 1036 1083 1087 amplissimis
1117 1041 1162 1075 et
1197 1035 1404 1075 laboribus

197 1102 385 1138 maximis
421 1100 626 1152 perfuncti
664 1114 859 1147 essemus,
896 1101 1075 1153 dignitas
1109 1103 1153 1140 in
1188 1091 1403 1140 sententiis

198 1165 395 1211 dicendis,
414 1165 582 1205 libertas
601 1168 643 1204 in
663 1166 872 1218 republica
891 1166 1156 1218 capessenda,
1175 1180 1226 1205 ea
1243 1165 1405 1206 sublata

198 1236 302 1276 tota,
325 1231 398 1269 sed
418 1244 495 1270 nec
516 1231 615 1269 mihi
636 1235 781 1283 magis,
803 1246 927 1284 quam
948 1233 1149 1270 omnibus.
1204 1231 1311 1270 Nam
1332 1236 1406 1271 aut

200 1297 508 1334 assentiendum
542 1303 606 1335 est
638 1297 750 1335 nulla
782 1311 875 1335 cum
908 1300 1112 1349 gravitate
1145 1299 1299 1349 paucis,
1333 1302 1406 1335 aut

157 1367 178 1398 4
198 1359 350 1399 frustra
388 1362 727 1400 dissentiendum.
786 1363 901 1401 Haec
940 1376 1017 1414 ego
1052 1362 1105 1401 ad
1140 1368 1185 1401 te
1222 1362 1276 1401 ob
1313 1364 1406 1400 eam

200 1439 366 1464 causam
382 1429 561 1465 maxime
579 1429 724 1474 scribo,
742 1434 790 1466 ut
806 1430 888 1466 iam
906 1427 958 1466 de
975 1433 1050 1466 tua
1067 1440 1230 1480 quoque
1246 1429 1405 1466 ratione

198 1491 414 1530 meditere.
469 1492 734 1531 commutata
759 1499 850 1531 tota
875 1495 980 1532 ratio
1006 1499 1070 1532 est
1098 1498 1280 1538 senatus,
1303 1491 1406 1533 iudi-

199 1558 366 1602 ciorum,
379 1560 438 1595 rei
453 1560 580 1596 totius
595 1558 797 1609 publicae.
836 1558 980 1597 Otium
993 1559 1108 1596 nobis
1125 1557 1407 1609 exoptandum

200 1627 292 1668 est;
353 1623 463 1673 quod
506 1625 548 1668 ii,
593 1626 663 1674 qui
708 1626 923 1674 potiuntur
965 1636 1116 1669 rerum,
1158 1624 1407 1674 praestaturi

201 1687 406 1733 videntur,
425 1690 457 1725 si
475 1688 642 1740 quidam
659 1688 844 1727 homines
861 1691 1086 1740 patientius
1104 1701 1245 1727 eorum
1261 1693 1407 1739 poten-

202 1755 303 1790 tiam
348 1751 455 1791 ferre
499 1756 724 1804 potuerint.
779 1754 1039 1806 Dignitatem
1084 1753 1251 1805 quidem
1295 1752 1406 1791 illam

203 1817 458 1856 consularem
489 1818 605 1858 fortis
637 1825 682 1858 et
712 1822 937 1858 constantis
969 1821 1182 1864 senatoris,
1213 1818 1313 1857 nihil
1343 1822 1407 1866 est

202 1883 312 1934 quod
345 1886 587 1935 cogitemus.
641 1885 804 1923 Amissa
837 1884 956 1936 culpa
990 1890 1054 1924 est
1088 1897 1243 1930 eorum,
1278 1885 1349 1935 qui
1381 1895 1406 1921 a

243 2053 259 2070 ⁸
284 2049 359 2081 The
375 2050 571 2091 optimates,
588 2048 629 2082 of
641 2048 759 2082 whom
775 2048 865 2082 Cato
881 2059 954 2083 was
969 2049 1030 2082 the
1044 2052 1138 2082 most
1153 2050 1369 2091 prominent.

207 2105 257 2138 42
