1442 2392
692 124 896 165 CICERO

193 235 346 272 sentire
371 231 568 283 oportet?
624 230 673 268 In
696 229 773 268 hac
795 233 923 281 igitur
946 229 1149 269 calumnia
1170 230 1329 270 timods
1350 236 1397 271 et

192 310 341 337 caecae
369 298 605 348 suspicionis
634 301 842 334 tormento
870 308 964 333 cum
991 295 1166 346 plurima
1194 288 1248 335 ad
1276 295 1398 335 alieni

193 376 335 403 sensus
349 365 639 407 coniecturam,
652 374 736 399 non
750 361 804 399 ad
816 374 936 399 suum
948 361 1143 399 iudicium
1156 356 1398 408 scribantur,

193 442 318 481 quam
333 427 492 467 difficile
508 429 561 465 sit
580 426 770 472 evadere,
784 427 818 464 si
835 429 969 464 minus
985 431 1180 478 expertus
1198 426 1273 482 es,¹
1289 426 1398 479 quod

193 499 238 533 te
275 493 329 532 ad
365 494 502 531 omnia
538 505 743 530 summum
780 497 908 542 atque
946 491 1159 531 excellens>
1187 494 1399 544 ingenium

193 561 382 604 armavit,
397 571 470 596 nos
487 559 699 596 sentimus.
753 556 836 595 Sed
850 562 994 595 tamen
1009 569 1087 608 ego
1103 556 1184 596 filio
1200 557 1399 604 dixeram,

193 624 342 662 librum
355 624 430 661 tibi
441 623 603 674 legeret
617 627 661 660 et
673 621 855 660 auferret
868 627 941 660 aut
955 635 1004 660 ea
1016 621 1253 661 condicione
1266 622 1399 670 daret,

195 692 228 728 si
250 691 453 740 reciperes
476 693 521 726 te
543 693 835 733 correcturum,
858 687 934 726 hoc
958 692 1036 733 est,
1059 689 1093 725 si
1115 692 1253 726 totum
1275 687 1399 726 alium

154 761 176 794 δ
194 755 365 793 faceres.
420 753 486 792 De
527 753 708 791 Asiatico
749 755 910 798 itinere,
951 766 1202 804 quamquam
1240 763 1400 792 summa

195 822 418 859 necessitas
440 819 672 870 premebat,
694 823 742 856 ut
763 820 988 869 imperasti,
1010 817 1104 857 feci.
1155 818 1215 857 Te
1236 831 1310 870 pro
1331 830 1399 859 me

195 885 295 937 quid
312 885 452 923 horter
469 885 485 922 ?
539 884 664 922 Vides
683 889 847 934 tempus
866 886 1040 929 venisse,
1059 896 1141 935 quo
1159 896 1329 922 necesse
1345 887 1399 923 sit

195 942 247 990 de
266 951 383 989 nobis
402 951 610 988 constitui.
664 948 775 987 Nihil
795 954 872 995 est,
891 950 948 986 mi
967 948 1123 995 Cicero,
1143 949 1254 1000 quod
1273 949 1399 988 fllium

194 1029 334 1054 meum
348 1020 577 1066 exspectes,
631 1014 881 1053 Adolescens
895 1019 960 1053 est
976 1026 987 1060 ;
1014 1016 1151 1053 omnia
1165 1017 1398 1066 excogitare

193 1077 259 1120 vel
284 1080 421 1119 studio
446 1079 511 1118 vel
537 1085 678 1118 aetate
704 1079 769 1117 vel
794 1085 910 1117 metu
935 1092 1018 1118 non
1041 1085 1195 1130 potest.
1247 1079 1399 1133 Totum

193 1149 407 1198 negotium
422 1151 470 1184 tu
486 1148 688 1183 sustineas
703 1150 868 1196 oportet
885 1157 895 1190 3
926 1147 969 1182 in
983 1150 1028 1183 te
1043 1144 1143 1183 mihi
1158 1147 1289 1185 omnis
1304 1158 1398 1197 spes

193 1217 272 1251 est.
324 1211 387 1250 Tu
413 1224 487 1262 pro
515 1216 589 1249 tua
615 1210 849 1261 prudentia,
878 1210 1024 1261 quibus
1051 1210 1174 1248 rebus
1201 1210 1398 1262 gaudeat,

193 1278 340 1329 quibus
377 1279 563 1327 capiatur
597 1275 762 1322 Caesar,
797 1281 916 1314 tenes
934 1288 944 1321 ;
994 1289 1019 1313 a
1054 1280 1099 1314 te
1137 1277 1274 1314 omnia
1305 1287 1398 1328 pro*

193 1342 438 1387 ficiscantur,
459 1347 503 1379 et
524 1354 599 1392 per
618 1346 662 1379 te
682 1340 736 1379 ad
756 1343 914 1379 exitum
931 1340 1210 1392 perducantur
1228 1343 1396 1381 necesse

194 1413 271 1446 est.
315 1407 441 1458 Apud
453 1409 586 1457 ipsum
598 1405 788 1452 multum,
801 1405 912 1457 apud
925 1408 1010 1444 eius
1023 1419 1165 1444 omnes
1176 1396 1397 1458 plurimum

153 1478 174 1510 6
191 1478 325 1524 potes.
380 1471 521 1514 Unum
548 1472 624 1509 tibi
651 1473 685 1509 si
711 1473 975 1522 persuaseris,
1003 1484 1085 1510 non
1111 1470 1189 1510 hoc
1217 1484 1308 1510 esse
1334 1473 1396 1511 tui

191 1539 385 1583 muneris,
405 1539 438 1575 si
457 1536 556 1588 quid
574 1542 741 1588 rogatus
759 1535 900 1581 fueris,
919 1541 966 1574 ut
984 1535 1110 1574 facias
1129 1536 1396 1588 (quamquam

247 1642 260 1661 ¹
288 1640 431 1682 Thouqh
451 1641 543 1674 there
567 1640 598 1673 is
617 1650 662 1673 no
686 1644 779 1672 trave
802 1640 846 1682 of
863 1639 892 1672 ic
916 1639 956 1672 in
981 1640 1035 1671 the
1055 1648 1150 1678 uss„
1167 1639 1197 1672 it
1216 1639 1248 1672 is
1271 1639 1394 1684 hiyhly

195 1684 362 1728 probable
387 1685 461 1716 that
485 1687 537 1722 tu,
564 1683 753 1725 balancinq
781 1694 857 1722 nos,
885 1683 947 1715 has
975 1683 1134 1726 dropped
1161 1687 1222 1716 out
1248 1683 1394 1722 between

199 1731 365 1771 expertus
380 1728 453 1761 and
469 1738 517 1761 es.

1294 1814 1395 1831 ——l

241 1883 256 1898 ⁰
280 1877 434 1911 Caecina
453 1877 586 1911 wished
605 1880 643 1911 to
662 1888 710 1920 go
728 1880 766 1910 to
786 1877 873 1910 Asia
892 1880 929 1910 to
948 1876 1073 1910 collect
1091 1887 1190 1910 some
1209 1876 1268 1910 old
1288 1876 1392 1912 debts

193 1921 303 1959 there,
329 1921 395 1955 but
419 1921 543 1955 Cicero
567 1920 713 1954 advised
739 1921 814 1953 him
838 1924 876 1954 to
901 1922 1035 1954 remain
1061 1921 1098 1953 in
1123 1920 1235 1964 Sicily
1257 1919 1320 1964 (of.
1343 1922 1391 1956 vi.

194 1967 227 2000 8⁸
243 1966 350 2047 {ni-e„
367 2008 407 2042 of
420 2008 640 2051 interceding
656 2007 711 2041 for
727 2007 887 2041 Caecina·
898 2007 982 2041 with
999 2007 1142 2041 Caesar.

250 2073 328 2110 470
