1442 2392
698 130 902 170 CICERO
1066 135 1068 138 ’
1107 156 1110 159 »
1234 149 1236 152 v
1267 150 1270 153 ·
1306 135 1373 179 ⁴1³1

195 238 282 274 nati
301 238 440 283 simus,
459 233 630 287 cogites.
685 235 780 274 Plus
799 236 875 274 tibi
894 238 1021 274 virtus
1039 241 1114 275 tua
1131 235 1263 283 dedit,
1280 244 1403 289 quam

194 289 361 328 fortuna
375 290 560 337 abstulit,
574 296 796 341 propterea
810 290 920 342 quod
935 290 1111 341 adeptus
1126 304 1184 337 es,
1198 290 1311 342 quod
1320 299 1404 330 non

193 345 315 383 multi
340 344 525 383 homines
551 347 659 390 novi,
686 347 871 390 amisisti,
898 358 1004 396 quae
1030 345 1194 396 plurimi
1219 345 1404 384 hominos

193 399 444 437 nobilissimi.
498 398 560 437 Ea
581 399 759 450 denique
779 399 943 437 videtur
961 399 1146 438 condicio
1164 399 1404 450 impendere

193 452 347 504 legum,
367 453 622 499 iudiciorum,
641 459 890 504 temporum,
909 459 958 492 ut
975 456 1133 505 optime
1153 459 1403 493 actum·cum

194 520 243 545 eo
259 507 449 545 videatur
465 520 569 553 esse,
586 510 655 559 qui
672 521 796 558 quam
811 507 1016 546 levissima
1030 520 1166 559 poena
1181 507 1234 546 ab
1249 507 1327 547 hac
1340 519 1404 547 r-e—

144 566 166 598 2
191 561 356 611 publica
374 561 621 600 discesserit.
673 561 736 599 Tu
755 575 866 608 vero,
881 565 951 613 qui
971 567 1016 600 et
1034 561 1220 600 fortunas
1239 567 1286 601 et
1302 561 1403 600 libe-

192 629 257 653 ros
283 615 437 654 habeas
457 622 502 654 et
524 629 597 654 nos
621 621 864 667 ceterosque
887 616 1192 655 necessitudine
1210 621 1255 654 et
1276 616 1403 654 bene-

193 669 374 708 volentia
411 676 551 708 tecum
589 673 954 716 coniunctissimos,
992 683 1170 722 cumque
1207 675 1403 722 magnam

191 723 435 762 facultatem
462 727 515 763 sis
542 724 756 763 habiturus
783 725 995 763 nobiscum
1023 730 1068 764 et
1093 737 1188 764 cum
1213 724 1401 765 omnibns

190 781 273 817 tuis
302 779 479 824 vivendi,
509 783 553 817 et
584 792 678 817 cum
708 779 846 817 tuuml
874 792 1002 817 unum
1040 781 1095 818 sit
1123 779 1401 818 iudicium'ex

189 837 278 871 tam
306 832 461 878 multis,
485 833 596 884 quod
622 832 964 884 reprehendatur,
990 838 1038 871 ut
1063 833 1175 885 quod
1198 846 1282 871 una
1306 837 1400 872 sen-

189 889 339 932 tentia,
366 899 499 938 eaque
524 887 664 933 dubia,
686 890 901 938 potentiae
930 887 1098 925 alicuius
1122 886 1400 926 condonatum

193 942 466 987 existimetur,
507 942 695 979 omnibus
738 941 799 979 his
841 941 894 979 de
936 944 1067 980 causis
1108 941 1236 980 debes
1276 943 1399 980 istam

189 995 422 1033 molestiam
447 1008 570 1046 quam
594 995 797 1034 levissime
822 994 945 1034 ferre.
1000 995 1123 1034 Meus
1141 998 1300 1034 animus
1318 997 1400 1034 erit

189 1051 231 1086 in
257 1055 301 1087 te
329 1049 561 1101 liberosque
590 1056 683 1089 tuos
715 1063 893 1101 semper,
919 1063 1044 1103 quem
1071 1055 1120 1089 tu
1148 1062 1238 1089 esse
1266 1053 1334 1089 vis>
1353 1055 1398 1089 et

188 1106 259 1155 qui
279 1116 369 1142 esse
389 1104 532 1143 debet.
1327 1123 1339 1130 ¹·
1373 1124 1375 1127 ’

1353 1233 1373 1253 Η

741 1292 842 1330 XIX

654 1409 794 1435 CICERO
823 1408 927 1435 mmo

562 1499 603 1533 In
622 1499 797 1538 Cumano,
816 1511 923 1534 A.u.c.
942 1502 1020 1533 705.

139 1598 156 1631 1
237 1593 327 1631 Etsi
351 1593 450 1631 mihi
475 1608 699 1645 numquam
725 1594 894 1632 dubium
918 1593 1012 1640 fuit,
1037 1595 1136 1645 quin
1159 1593 1235 1632 tibi
1259 1605 1392 1631 essem

185 1650 427 1694 carissimus,
458 1655 600 1686 tamen
631 1649 815 1699 quotidie
846 1651 976 1700 magis
1005 1648 1049 1686 id
1078 1650 1293 1698 perspicio,
1321 1659 1392 1686 ex-

517 1742 531 1764 ²
555 1746 633 1776 tum
650 1743 766 1776 added
783 1742 826 1785 by
848 1742 1060 1786 Wesenberg.

232 1866 248 1925 ἶ
272 1862 533 1939 ξΙέωΙξέἔ-ὒεεη
555 1915 624 1938 one
644 1903 685 1938 of
702 1903 856 1938 Cicero’s
877 1907 1062 1947 quaestors
1083 1905 1119 1938 in
1141 1903 1276 1938 Cilicia.
1323 1902 1390 1942 We

189 1948 279 1981 shall
296 1949 381 1981 hear
398 1959 496 1981 more
512 1947 553 1981 of
566 1948 640 1981 him
657 1949 693 1981 in
710 1948 770 1981 the
787 1951 870 1981 next
881 1951 952 1981 two
965 1947 1094 1981 letters.
1145 1947 1187 1981 In
1203 1947 1274 1981 this
1289 1947 1390 1981 letter

188 1990 312 2024 Cicero
329 2002 435 2034 urges
453 1991 583 2030 Rufus,
600 1991 681 2024 who
697 2002 769 2024 was
785 1993 822 2024 in
837 1990 953 2024 doubt
967 2002 1007 2024 as
1029 1994 1066 2024 to
1086 1990 1202 2024 which
1223 1989 1389 2024 causehe

187 2035 316 2068 should
330 2035 418 2077 join,
436 2038 473 2068 to
488 2035 536 2068 do
551 2035 613 2068 the
626 2035 722 2078 right
737 2035 852 2077 thing,
868 2034 940 2068 and
957 2039 1020 2068 not
1031 2038 1068 2067 to
1079 2033 1196 2068 desert
1213 2034 1384 2078 Pompey.

191 2091 268 2126 402
