1442 2392
697 116 900 156 CICERO

193 235 354 260 summa
377 221 605 272 cupiditate
631 220 824 259 affectum
851 233 940 259 esse
967 220 1132 259 videndi
1155 223 1265 266 11101;
1291 219 1400 272 quud

195 298 273 336 ego
291 287 351 323 ita
367 284 545 323 libenter
562 286 728 334 accipio,
748 290 794 322 ut
813 290 954 321 tamen
972 284 1048 322 tibi
1066 291 1150 322 11011
1165 283 1400 322 concedam.

196 347 302 385 Nam
331 353 470 386 tecum
501 360 604 393 esse,
634 349 694 384 ita
722 346 822 384 mihi
851 349 1001 392 omnia,
1031 359 1137 398 quae
1167 351 1279 398 opto,
1308 332 1402 384 0011-

195 413 374 462 tingant,
402 416 451 448 ut
477 409 747 448 vehementer
773 408 908 447 velim.
963 409 1144 456 Etenim,
1172 422 1265 448 cum
1293 413 1403 448 esset

195 476 324 511 maior
347 478 391 511 et
413 476 589 511 virorum
613 478 656 510 et
678 474 826 510 civium
847 472 1048 510 bonorum
1068 477 1115 526 et
1135 451 1402 524 iucundorum

197 535 407 574 hominum
428 541 472 574 et
492 538 720 574 amantium
742 537 824 573 mei
844 538 974 586 copia,
993 540 1135 574 tamen
1159 540 1250 579 erat
1267 534 1403 581 1101110,

197 602 362 650 quicum
385 611 518 637 essem
539 598 748 644 libentius,
771 611 895 649 quam
918 603 1071 644 tecum,
1095 603 1140 636 et
1161 600 1294 649 pauci,
1317 599 1405 649 qui,—

198 662 369 699 buscum
398 674 531 699 essem
561 673 692 712 aeque
720 660 926 706 libenter3
975 660 1053 698 hoc
1080 673 1176 698 vero
1204 666 1405 711 tempore,

197 737 291 761 cum
314 722 381 761 alii
401 725 648 768 interierint,
671 722 737 760 alii
760 723 909 768 absint,
933 722 999 760 alii
1020 724 1171 761 mutati
1193 721 1406 761 voluntate

198 788 294 831 sint,
333 799 475 831 unum,
514 785 674 823 medius
714 784 846 831 fidius,
885 790 1025 823 tecum
1063 784 1174 823 diem
1211 779 1406 838 libentius

198 850 417 899 posuerim,
452 860 577 899 quam
609 846 686 886 hoc
720 860 841 885 omne
875 853 1040 898 tempus
1073 860 1167 885 cum
1200 845 1406 900 plerisque

201 923 356 956 eorum,
386 910 629 961 quibuscum
659 911 749 948 vivo
780 911 1022 948 necessario.
1076 908 1168 947 Noli
1199 912 1308 948 enim
1338 922 1408 955 ex-

199 975 396 1018 istimare,
413 971 514 1010 mihi
530 971 793 1010 solitudinem
810 985 892 1010 non
908 971 1189 1010 iucundiorem
1206 984 1311 1018 esse,
1327 985 1410 1024 qua

201 1041 343 1073 tamen
363 1037 452 1085 ipsa
472 1037 534 1072 uti
555 1048 638 1072 non
656 1034 767 1080 licet,
789 1047 914 1085 quam
934 1047 1142 1073 sermones
1163 1046 1319 1081 eorum,
1339 1036 1409 1086 qui

201 1096 471 1148 frequentant
500 1096 669 1135 domum
698 1109 850 1142 meam,
881 1102 1056 1147 excepto
1086 1109 1169 1135 uno
1199 1102 1273 1135 aut
1302 1104 1410 1135 811111-

201 1173 314 1197 11111111
340 1159 484 1197 altero.
538 1158 687 1210 Itaque
712 1164 807 1197 utor
831 1158 978 1197 eodem
1001 1157 1204 1210 perfugio,
1229 1172 1311 1210 quo
1334 1158 1411 1198 tibi

202 1221 404 1260 utendum
441 1234 603 1267 censeo,
638 1220 830 1259 litterulis
867 1223 1028 1267 nostris,
1064 1226 1283 1272 praeterea
1318 1234 1412 1284 con-

203 1287 375 1322 scientia
409 1286 535 1322 etiam
569 1283 826 1321 consiliorum
859 1296 1058 1322 meorum.
1111 1283 1202 1336 Ego
1236 1285 1346 1323 enim
1377 1285 1412 1323 is

203 1360 307 1392 sum,
337 1345 687 1397 quemadmodum
717 1351 764 1384 tu
793 1344 984 1383 facillime
1013 1351 1132 1396 potes
1163 1348 1412 1393 existimate,

205 1412 275 1460 qui
297 1408 397 1446 nihil
419 1421 615 1459 umquam
637 1421 732 1446 mea
752 1410 889 1459 potius
912 1420 1036 1459 quam
1058 1421 1244 1446 meorum
1264 1411 1413 1448 civium

203 1484 326 1509 causa
345 1469 513 1509 fecerim
531 1482 541 1515 ;
576 1472 641 1508 cui
663 1473 740 1508 nisi
761 1470 974 1509 invidisset
998 1473 1047 1516 is,
1073 1483 1198 1522 quem
1223 1476 1272 1509 tu
1296 1483 1414 1510 num-

205 1547 329 1585 quam
349 1536 496 1571 amasti
515 1533 599 1585 (me
619 1535 730 1571 enim
749 1532 947 1584 amabas),
968 1538 1012 1571 et
1029 1535 1117 1583 ipse
1136 1533 1284 1572 beatus
1303 1539 1414 1572 esset

205 1602 249 1634 et
265 1609 407 1634 omnes
425 1596 535 1634 boni.
588 1595 679 1647 Ego
696 1609 801 1641 sum,
818 1597 888 1646 qui
905 1594 1053 1633 nullius
1069 1597 1151 1633 vim
1168 1595 1259 1646 plus
1276 1595 1412 1634 valere

205 1658 327 1705 volui,
360 1671 485 1710 quam
518 1657 739 1696 honestum
771 1660 931 1704 otium3
977 1657 1187 1709 idemque,
1219 1671 1313 1696 cum
1344 1657 1414 1697 illa

203 1724 293 1772 ipsa
315 1734 443 1767 arma,
466 1734 573 1772 quae
595 1733 759 1772 semper
780 1723 1015 1766 timueram,
1035 1719 1127 1771 plus
1149 1733 1269 1771 posse
1290 1723 1413 1769 sensi,

206 1797 331 1835 quam
363 1784 477 1821 illum
510 1796 754 1822 consensum
787 1783 1001 1829 bonorum,
1034 1796 1158 1835 quem
1193 1796 1271 1835 ego
1302 1783 1413 1823 idem

206 1846 437 1892 effeceram,
467 1849 609 1898 quavis
642 1851 737 1885 tuta
774 1845 1012 1884 condicione
1049 1859 1195 1897 pacem
1228 1847 1413 1898 accipere

591 1980 606 1996 ⁶
632 1974 702 2009 Lit.
721 1974 742 1988 ‘⁸
759 1975 795 2007 in
813 1974 1027 2017 investing.'’

545 2018 560 2039 ⁸
585 2018 642 2052 He
659 2021 754 2051 must
772 2029 876 2052 mean
895 2017 1067 2062 Pompey.

210 2076 289 2111 420
