1442 2392
99 541 116 575 1

649 131 854 171 CICERO

735 253 771 291 V

334 374 423 402 SER.
451 374 652 401 SULPICIUS
681 374 713 400 S.
742 374 782 400 D.
810 374 856 399 M.
883 373 922 400 T.
951 372 1139 400 CICERONI

558 457 721 495 Athenis,
740 467 848 490 A.u.c.
867 459 945 489 709.

197 534 472 586 Posteaquam
501 534 600 572 mihi
629 537 912 573 renuntiatum
942 540 1006 573 est
1035 526 1087 573 de
1117 534 1233 573 obitu
1261 533 1351 573 Tul·

146 598 239 644 liae,
259 598 366 636 filiae
385 603 499 643 tuae,
518 611 616 635 sane
636 611 760 648 quam
778 611 852 648 pro
872 610 935 643 eo,
955 611 1002 635 ac
1020 597 1159 643 debui,
1176 599 1357 649 graviter

145 660 402 712 molesteque
415 660 505 705 tuli,
517 673 860 711 communemque
874 673 965 698 eam
978 659 1258 698 calamitatem
1271 661 1356 698 exi-

146 725 309 761 stimavi
328 735 338 768 3
370 725 454 774 qui,
473 725 506 760 si
523 725 615 760 istic
633 721 870 768 adfuissem,
887 735 1023 774 neque
1041 722 1118 760 tibi
1134 720 1356 760 defuissem

145 798 365 837 coramque
383 798 523 823 meum
542 785 725 823 dolorem
743 785 819 823 tibi
838 785 1124 824 declarassem.
1177 785 1267 823 Etsi
1285 797 1356 837 ge·

146 862 221 886 nus
247 848 323 886 hoc
348 847 635 886 consolationis
658 850 852 886 miserum
876 853 1003 899 atque
1027 847 1221 886 acerbum
1239 853 1356 886 est-—

144 917 366 962 propterea
380 913 489 962 quia,
503 923 578 961 per
592 924 693 962 quos
709 910 937 958 eassconfieri
952 910 1093 956 debet,
1107 912 1356 962 propinquos

145 987 193 1012 ac
208 973 443 1019 familiares,
458 976 535 1024 ipsi
550 976 639 1024 pari
654 973 843 1012 molestia
858 973 1102 1019 afficiuntur,
1117 985 1253 1024 neque
1269 975 1355 1012 sine

144 1036 319 1074 lacrimis
356 1035 496 1074 multis
533 1036 577 1074 id
613 1039 751 1074 conari
787 1041 974 1086 possunt,
1012 1038 1074 1074 uti
1111 1038 1242 1087 magis
1279 1037 1356 1086 ipsi

145 1099 363 1137 videantur
390 1098 560 1136 aliorum
587 1098 864 1136 consolatione
889 1097 1091 1149 indigere,
1117 1111 1242 1150 quam
1269 1097 1356 1136 aliis

144 1174 264 1212 posse
282 1174 401 1199 suum
417 1161 592 1199 officium
610 1166 1030 1211 praestare—tamen,
1048 1173 1155 1212 quae
1179 1162 1223 1198 in
1238 1172 1356 1211 prae-

145 1226 279 1262 sentia
298 1226 340 1261 in
360 1228 546 1261 mentem
565 1222 665 1261 mihi
685 1228 901 1269 venerunt,
921 1223 1084 1261 decrevi
1103 1223 1217 1261 brevi
1237 1222 1290 1261 ad
1309 1215 1354 1261 t'e

145 1286 426 1337 perscribere3
468 1299 550 1323 non
577 1298 658 1336 quo
686 1298 737 1323 ea
763 1290 807 1323 te
834 1283 979 1337 fugere
1007 1287 1255 1332 existimem,
1281 1283 1356 1323 sed

146 1348 257 1399 quod
280 1347 453 1386 forsitan
477 1347 616 1386 dolore
641 1347 864 1398 impeditus
888 1350 1022 1386 minus
1047 1360 1098 1386 ea
1120 1349 1355 1399 perspicias.

146 1411 257 1459 Quid
281 1416 359 1457 est,
385 1410 496 1462 quod
519 1416 639 1449 tanto
664 1423 788 1461 opere
813 1416 858 1449 te
883 1416 1141 1449 commoveat
1164 1411 1260 1449 tuus
1285 1409 1356 1449 do-

145 1473 205 1512 lor
219 1476 439 1512 intestinus
457 1474 472 1512 ?
503 1473 664 1525 Cogita,
680 1473 1028 1524 quemadmodum
1043 1472 1177 1512 adhuc
1189 1471 1356 1512 fortuna

146 1537 354 1575 nobiscum
376 1539 510 1588 egerit
526 1549 537 1582 ;
571 1549 620 1574 ea
639 1537 755 1575 nobis
774 1542 919 1587 erepta
937 1549 1041 1582 esse,
1060 1549 1167 1587 quae
1184 1535 1356 1574 homini·

146 1600 221 1637 bus
246 1613 328 1638 non
351 1602 500 1645 minus,
525 1612 649 1650 quam
681 1598 813 1644 liberi,
838 1612 932 1638 cara
962 1611 1051 1638 esse
1075 1598 1356 1650 debent—pa-

145 1665 282 1708 triam,
298 1661 576 1708 honestatem,
593 1662 856 1713 dignitatem,
873 1661 1046 1700 honores
1063 1674 1220 1700 omnes.
1265 1660 1356 1700 Hoc

145 1739 226 1763 uno
246 1724 503 1763 incommodo
525 1724 680 1771 addito,
701 1725 801 1776 quid
821 1724 874 1763 ad
894 1720 1076 1763 dolorem
1097 1724 1264 1776 adiungi
1284 1737 1356 1775 po-

144 1790 227 1826 tuit
244 1788 260 1826 ?
277 1793 350 1826 aut
366 1790 436 1839 qui
451 1801 534 1826 non
548 1789 591 1825 in
605 1787 682 1825 illis
697 1787 820 1825 rebus
836 1789 1088 1826 exercitatus
1103 1789 1261 1825 animus
1276 1785 1355 1825 cal-

195 1936 210 1952 ‘1
234 1931 351 1965 Tullia
367 1942 480 1965 seems
496 1935 533 1965 to
548 1932 639 1965 have
654 1931 737 1964 died
754 1931 853 1973 early
868 1932 905 1964 in
921 1933 965 1964 45
982 1941 1061 1970 mc„
1077 1930 1169 1964 after
1183 1930 1244 1964 the
1258 1931 1353 1964 birth

148 1974 189 2008 of
200 1986 221 2007 a
239 1986 315 2008 son.
365 1975 553 2009 Dolabella
570 1975 642 2008 had
658 1974 826 2008 divorced
843 1975 907 2009 her
922 1974 1101 2018 probably
1115 1985 1139 2008 a
1154 1974 1254 2008 short
1268 1976 1354 2008 time

148 2018 269 2052 before
286 2019 477 2062 (watson).

152 2078 232 2119 268
