1442 2392
686 138 890 178 CICERO

187 241 386 289 Caesaris,
406 256 513 294 quae
533 257 631 283 sane
650 244 781 283 mollis
802 250 846 283 et
864 245 1042 284 liberalis
1059 245 1154 292 fuit,
1173 246 1248 286 sed
1267 248 1393 286 etiam

187 308 239 334 ex
264 297 388 335 oculis
415 303 459 336 et
482 298 613 344 vultu,
639 312 691 337 ex
715 299 855 338 multis
878 305 1098 351 praeterea
1121 303 1261 352 signis,
1285 314 1393 353 quae

185 349 342 389 facilius
379 355 612 403 perspicere
648 356 780 404 potui,
819 366 943 405 quam
979 355 1171 401 scribere,
1208 355 1314 394 hanc
1351 357 1393 394 in

186 407 420 455 opinionem
436 406 616 453 discessi,
633 413 681 446 ut
697 407 796 446 mihi
813 413 887 446 tua
903 408 1011 447 salus
1029 409 1154 448 dubia
1169 423 1252 448 non
1269 415 1393 449 esset.

147 464 167 496 3
186 459 465 507 Quamobrem
499 459 565 499 fac
601 464 736 500 animo
771 476 921 513 magno
956 462 1137 515 fortique
1173 466 1227 502 sis
1264 469 1323 510 et,
1357 466 1391 502 si

185 514 462 552 turbidissima
501 518 710 566 sapienter
746 515 924 563 ferebas,
962 517 1244 569 tranquilliora
1281 517 1392 557 laete

183 566 305 606 feras.
360 569 449 620 Ego
464 574 605 608 tamen
620 573 701 608 tuis
715 571 838 609 rebus
852 573 908 610 sic
923 571 1062 618 adero,
1076 577 1124 610 ut
1137 571 1392 618 difficillimis,

184 635 320 673 neque
339 622 504 661 Caesari
523 624 667 670 solum,
686 625 760 663 sed
779 628 906 663 etiam
925 628 1063 664 amicis
1083 628 1170 664 eius
1188 627 1392 674 omnibus,

184 689 284 727 quos
318 677 416 714 mihi
450 681 713 717 amicissimos
747 692 836 718 esse
869 682 1055 730 cognovi,
1086 693 1161 731 pro
1193 685 1254 728 te,
1285 683 1391 720 sicut

182 730 315 769 adhue
334 730 428 778 feci,
446 731 715 772 libentissime
734 734 984 785 supplicabo.
1038 734 1154 774 Vale.

745 846 822 885 XV

573 945 716 971 CICERO
745 946 881 972 BASILO
908 946 989 973 SAL.

598 1019 747 1059 Romae,
765 1031 873 1053 A.u.c.
891 1022 970 1054 710.

228 1095 320 1134 Tibi
347 1096 544 1147 gratulor,
571 1097 670 1135 mihi
697 1097 886 1149 gaudeo;
929 1103 974 1135 te
1001 1111 1108 1144 amo,
1135 1103 1210 1136 tua
1235 1103 1384 1145 tueor3

177 1161 203 1187 a
219 1154 264 1188 te
282 1153 410 1188 amari
429 1157 486 1197 et,
504 1151 603 1203 quid
620 1165 734 1203 agas,
751 1151 933 1203 quidque
952 1157 1113 1203 agatur,
1131 1155 1280 1191 certior
1298 1152 1384 1192 fieri

178 1203 283 1243 volo.
715 1260 813 1298 XVI

523 1354 768 1380 BITHYNICUS
797 1354 985 1380 CICERONI
1012 1354 1045 1382 S·

579 1428 622 1462 In
640 1428 774 1468 Sicilia,
791 1439 899 1462 A.u.c.
918 1431 996 1462 710.

226 1504 267 1543 Si
300 1505 399 1543 mihi
432 1511 571 1544 tecum
604 1519 686 1544 non
720 1511 764 1544 et
795 1506 952 1544 multae
986 1512 1030 1545 et
1061 1508 1196 1545 iustae
1229 1519 1378 1546 causae

173 1562 378 1598 amicitiae
398 1563 590 1611 privatim
612 1565 764 1606 essent,
783 1566 1018 1612 repeterem
1038 1563 1155 1599 initia
1175 1563 1379 1600 amicitiae

219 1658 236 1674 ⁰
259 1654 301 1687 L.
334 1654 516 1688 Minucius
547 1655 687 1688 Basilus
715 1655 797 1688 held
827 1655 913 1697 high
943 1655 1045 1688 office
1072 1657 1109 1688 in
1138 1655 1235 1689 Gaul
1261 1655 1377 1690 under

175 1696 317 1736 Caesar,
344 1698 463 1732 whom
490 1698 535 1732 he
559 1699 768 1732 afterwards
795 1698 924 1741 helped
950 1702 988 1732 to
1013 1700 1238 1733 assassinate.
1287 1699 1322 1733 It
1345 1701 1376 1735 is

174 1741 401 1783 conjectured
432 1742 511 1775 that
543 1741 666 1776 Cicero
698 1745 806 1776 wrote
837 1742 908 1776 this
940 1745 1023 1776 note
1054 1753 1100 1776 on
1132 1743 1193 1776 the
1226 1741 1308 1777 Ides
1337 1742 1378 1777 of

172 1784 303 1860 fMarch
332 1786 380 1861 inl
396 1785 498 1828 reply
523 1788 561 1819 to
587 1796 610 1819 a
637 1789 756 1828 report
783 1785 824 1819 of
846 1786 907 1819 the
933 1787 1188 1819 assassination
1215 1785 1374 1820 received

189 1839 265 1860 rom
285 1828 367 1861 Basi
382 1839 435 1862 us.

219 1871 233 1892 ὃ
257 1871 372 1905 Aulus
397 1872 588 1915 Pompeius
613 1872 836 1915 Bithynicus,
859 1872 998 1915 though
1021 1872 1167 1906 himself
1185 1883 1208 1906 a
1230 1873 1375 1907 relative

173 1914 214 1946 of
232 1914 435 1957 Pompey's,
456 1915 586 1958 fought
607 1915 739 1958 during
759 1916 820 1950 the
840 1916 920 1949 civil
942 1927 1015 1949 war
1035 1927 1080 1949 on
1099 1915 1265 1950 Caesar's
1285 1916 1373 1950 side.

175 1957 208 1990 It
226 1968 339 1991 seems
358 1959 437 1992 that
456 1959 501 1992 he
520 1970 592 1992 was
611 1963 649 1992 at
667 1960 737 1993 this
757 1961 842 1993 time
861 1962 1070 2002 propraetor
1090 1961 1126 1992 in
1146 1959 1268 2002 Sicily.
1317 1958 1374 2000 He

173 2012 245 2034 was
258 2002 466 2036 afterwards
480 2006 546 2045 put
559 2006 597 2036 to
610 2003 718 2036 death
733 2003 782 2046 by
797 2002 925 2037 Sextus
941 2003 1132 2046 Pompeius
1145 2013 1192 2037 on
1206 2013 1229 2036 a
1241 2002 1374 2047 charge

172 2044 212 2077 of
225 2044 380 2088 plotting
395 2047 538 2088 against
554 2046 640 2079 him.

172 2100 251 2134 500
