1442 2392
664 124 869 165 CICERO

163 229 250 264 tam
265 228 414 279 insigni
432 230 593 276 iniuria,
606 235 750 269 tamen
768 230 837 269 illo
854 233 944 282 ipso
958 230 1025 270 die
1045 233 1136 271 misi
1151 231 1203 271 ad
1219 231 1375 272 Metel*

163 296 248 335 lum
263 311 499 337 communes
520 303 685 348 amicos,
700 304 770 353 qui
786 308 960 353 agerent
978 316 1071 341 cum
1091 316 1156 349 eo,
1174 308 1223 342 ut
1237 303 1289 342 de
1303 303 1374 342 illa*

162 373 304 406 mente
320 369 554 409 desisteret.
608 371 766 419 Quibus
781 372 849 411 ille
864 373 1078 424 respondit
1093 362 1170 412 sibi
1184 387 1267 414 non
1282 373 1372 414 es's'e⁸

163 440 384 490 integrum.
438 441 606 479 Etenim
629 442 767 493 paullo
791 449 889 482 ante
911 446 956 482 in
978 447 1170 483 contione
1194 434 1373 491 dixerat,

164 511 217 555 ei,
237 512 306 560 qui
325 512 368 547 in
387 511 486 549 alios
506 513 864 552 animadvertisset
881 514 1037 553 indicta
1054 528 1192 562 causa,
1210 510 1373 554 dicendi

163 581 240 630 ipsi
265 587 522 631 potestatem
549 583 637 621 fieri
665 598 747 622 non
774 590 979 635 oportere.
1033 585 1255 625 Hominem
1281 574 1374 638 gra·
1418 573 1428 582 ⁵

165 663 257 688 vem
286 658 331 690 et
359 654 489 690 civem
519 655 759 706 egregium!
805 658 888 707 qui,
918 669 1000 707 qua
1027 669 1163 707 poena
1190 662 1373 705 senatus,

163 734 364 760 consensu
380 723 580 762 bonorum
597 727 794 772 omnium,
813 739 882 764 eos
901 725 1109 772 affecerat,
1126 729 1197 779 qui
1215 727 1373 779 Urbem

162 793 398 840 incendere,
440 800 484 832 et
524 798 790 846 magistratus
833 801 893 835 ac‘
920 803 1112 836 senatum
1153 795 1373 844 trucidare,

164 863 318 901 bellum
337 867 562 903 maximum
582 867 758 905 conflare
778 867 1016 914 voluissent,
1036 868 1183 923 eadem
1202 869 1373 922 dignum

163 934 364 973 iudicaret
391 949 501 982 eum,
529 939 599 988 qui
626 940 780 976 curiam
807 938 950 985 caede,
978 939 1136 978 Urbem
1161 940 1373 986 incendiis,

165 1004 330 1043 Italiam
353 1006 461 1044 bello
483 1007 712 1047 liberasset.
767 1009 916 1061 Itaque
941 1022 1019 1061 ego
1044 1010 1234 1057 Metello,
1255 1009 1373 1050 fratri

163 1081 252 1122 tuo,
274 1080 484 1126 praesenti
507 1081 656 1117 restiti.
710 1079 817 1118 Nam
841 1083 884 1118 in
907 1086 1056 1119 senatu
1083 1080 1176 1120 Kal.
1202 1081 1292 1120 Ian.
1310 1068 1373 1123 sic

164 1159 257 1185 cum
281 1161 329 1185 eo
353 1148 404 1186 de
426 1149 637 1200 republica
658 1150 878 1201 disputavi,
901 1157 948 1191 ut
970 1154 1158 1198 sentiret,
1180 1153 1257 1191 sibi
1279 1166 1372 1191 cum

165 1220 250 1255 viro
287 1217 384 1256 forti
423 1225 469 1258 et
504 1224 710 1259 constanti
753 1234 844 1260 esse
883 1223 1168 1274 pugnandum.
1239 1223 1292 1262 A.
1329 1223 1371 1262 d.

163 1291 334 1327 tertium
369 1289 476 1328 Non.
510 1290 675 1330 Ianuar.
709 1305 803 1330 cum
838 1305 961 1344 agere
996 1296 1214 1344 coepisset,
1246 1283 1372 1350 tertio

163 1372 327 1411 quoque
362 1361 487 1399 verbo
521 1364 715 1400 orationis
750 1376 849 1402 suae
883 1377 951 1402 me
987 1363 1238 1415 appellabat,
1271 1364 1371 1403 mihi

162 1430 424 1476 minabatur3
469 1444 606 1483 neque
635 1433 693 1470 illi
725 1433 950 1484 quidquam
981 1434 1247 1474 deliberatius
1277 1434 1371 1482 fuit,

163 1514 287 1552 quam
317 1514 399 1547 me,
430 1514 689 1554 quacumque
719 1507 880 1542 ratione
910 1511 1065 1555 posset,
1096 1518 1179 1543 non
1208 1505 1371 1553 iudicio,

163 1585 297 1623 neque
321 1572 636 1623 disceptatione,
659 1574 733 1612 sed
756 1577 794 1612 vi
818 1581 945 1627 atque
967 1578 1234 1627 impressione
1258 1589 1372 1615 evera

161 1648 266 1680 tere.
319 1642 452 1682 Huius
480 1657 558 1695 ego
584 1648 814 1683 temeritati
839 1648 873 1684 si
899 1649 1053 1685 virtute
1080 1652 1207 1698 atque
1234 1650 1370 1686 animo

162 1726 243 1751 non
268 1716 526 1760 restitissem,
546 1718 635 1766 quis
662 1721 786 1762 esset,
806 1719 876 1768 qui
904 1730 970 1755 me
993 1720 1037 1755 in
1055 1717 1270 1756 consulatu
1287 1731 1369 1757 non

160 1797 256 1821 casu
273 1787 410 1834 potius
428 1787 699 1832 existimaret,
716 1800 840 1838 quam
858 1787 1023 1826 consilio
1040 1786 1191 1827 fortem
1208 1787 1335 1827 fuisse
1350 1788 1367 1827 Ρ

160 1853 276 1892 Haec
296 1857 329 1892 si
350 1860 397 1893 tu
425 1855 645 1894 Metellum
670 1860 852 1908 cogitare
874 1858 925 1896 de
947 1871 1014 1897 me
1040 1861 1220 1903 nescisti,
1239 1858 1366 1899 debes

206 1981 224 1998 ⁶
245 1977 339 2010 That
373 1977 532 2021 Pompey
565 1979 692 2012 should
727 1979 771 2012 be
803 1980 954 2014 recalled
986 1980 1080 2022 from
1112 1981 1173 2015 the
1204 1981 1293 2015 East
1323 1984 1363 2016 to

162 2024 293 2054 restore
310 2021 413 2054 order
429 2023 466 2054 in
484 2022 590 2065 Italy.

165 2078 243 2112 330
